3308 5000
800 393 1013 454 ..50-

330 561 439 626 animo
454 562 654 644 prospiceret
666 564 696 637 1).
728 557 822 637 Quod
838 580 909 626 eum
924 559 1052 626 audiret
1063 559 1296 643 Philopoemen
1319 561 1485 629 eZaracis

331 669 442 746 portu,
471 682 566 746 quem
597 669 811 745 opportunum
839 662 938 729 luisse
965 661 1053 745 apud
1082 662 1275 728 Pausaniam
1305 663 1363 728 ΠΙ.
1387 667 1479 729 241

329 765 482 849 scriptum
512 771 576 845 est,
607 765 682 829 litus
710 765 921 845 Laconicum,
950 771 985 828 ιιι
1012 765 1141 846 opinor,
1170 771 1413 846 praeterveetus
1439 766 1484 832 ad

330 868 581 951 promunturium
616 869 764 950 pervenit
795 867 1008 950 propinquum
1044 863 1182 932 hostium
1222 867 1344 934 eastris.
1399 869 1484 934 Turn

329 977 424 1035 nocte
445 969 554 1034 Pleias
583 989 654 1034 cnm
682 969 840 1051 venisset,
874 969 986 1034 eastris
1015 966 1142 1050 ignibus
1171 967 1297 1035 iniectis
1320 969 1483 1036 lacedae-

334 1071 449 1136 moniis
472 1077 536 1136 tam
561 1070 760 1136 exitiabilem
783 1071 910 1136 cladem
931 1072 1047 1151 intulit,
1069 1077 1105 1134 ut
1126 1069 1281 1153 perpauci
1303 1075 1428 1136 tantum
1449 1072 1483 1138 in

330 1172 454 1237 maiora
475 1180 581 1239 castra
600 1173 643 1238 ad
666 1171 827 1255 Gytheum
850 1173 1064 1256 perfugerant.

416 1274 506 1340 Haec
534 1281 642 1340 antem
672 1275 856 1358 expeditio,
891 1276 923 1340 iu
957 1295 1021 1358 qua
1048 1277 1190 1341 maxime
1217 1273 1482 1358 Philopoemenis

330 1376 432 1442 virtus
455 1383 488 1442 et
508 1377 662 1443 fortitudo
685 1379 816 1459 enituit,
846 1385 910 1442 tam
939 1378 1048 1442 audax
1077 1383 1111 1443 et
1137 1376 1321 1460 periculosa
1341 1376 1481 1460 videtur,

330 1481 364 1542 nt
386 1481 547 1562 coeperim
570 1481 744 1562 suspicari,
773 1499 849 1544 uum
872 1501 906 1545 re
928 1499 1008 1546 vera
1034 1480 1121 1545 laeta
1148 1482 1204 1559 sit,
1234 1479 1317 1544 sicut
1344 1499 1366 1544 a
1387 1479 1482 1544 Liuio

328 1579 492 1663 descripta
514 1588 571 1646 est.
616 1581 700 1646 Nam
715 1581 1002 1665 Philopoemenem
1017 1580 1220 1648 Achaeorum
1235 1582 1382 1662 navibus,
1399 1601 1482 1664 qnae

330 1701 513 1766 perpaucae
547 1689 579 1748 et
611 1704 732 1766 parvae
766 1692 866 1765 erant,
900 1692 932 1750 et
964 1685 1129 1764 militibus,
1163 1702 1299 1765 qnorum
1330 1701 1483 1749 numerus

330 1803 465 1868 magnus
488 1803 559 1851 esse
575 1805 637 1851 non
660 1787 773 1868 potuit,
797 1787 874 1870 quia
888 1793 1003 1869 postea
1017 1785 1147 1852 demum
1163 1785 1322 1850 exercitus
1337 1784 1482 1867 Tegeam

328 1891 509 1952 contractus
533 1894 581 1952 est
603 1889 670 1963 (cfr.
686 1888 758 1952 Liv.
782 1909 808 1953 o.
825 1891 876 1952 27.
895 1891 956 1970 lt),
981 1889 1069 1953 brevi
1093 1895 1238 1972 tempore
1262 1893 1334 1971 post
1355 1885 1482 1952 cladem

327 1995 495 2071 acceptam
519 1990 634 2056 iterum
649 1990 756 2056 Nabin
771 1991 918 2056 adortum
942 2010 1013 2057 esse
1035 1990 1135 2056 adde
1151 1988 1305 2056 historiae
1319 1989 1482 2056 abhorret

327 2089 379 2153 An
402 2095 434 2155 tu
457 2097 552 2173 putas
575 2112 647 2158 eum
670 2100 744 2177 post
770 2112 911 2176 pugnam
939 2093 1110 2159 adversam
1139 2092 1324 2160 calamitate
1352 2092 1482 2158 doctum

328 2211 392 2257 uon
414 2195 550 2276 cavisse,
574 2215 614 2261 ne
630 2196 744 2262 iisdem
762 2197 876 2280 opibus
899 2197 1074 2279 imparibus
1089 2195 1196 2262 denuo
1212 2193 1320 2260 hostes
1335 2195 1482 2277 peteret?

328 2294 414 2360 Vero
437 2301 543 2360 autem
566 2299 715 2380 proprior
739 2303 770 2361 et
792 2297 878 2363 iaetu
902 2299 1028 2363 facilior
1043 2298 1209 2380 expeditio
1226 2303 1304 2377 erat,
1327 2297 1354 2362 si
1371 2295 1479 2362 Philo

328 2416 466 2479 poemen
489 2397 598 2463 hostes
620 2399 662 2464 ad
678 2400 786 2464 Pleias
808 2418 980 2482 aggressus
1001 2407 1051 2464 est
1065 2400 1201 2465 naribus
1224 2398 1369 2481 pluribus
1384 2418 1481 2482 quam

327 2505 403 2563 ante
425 2500 467 2564 ad
490 2500 603 2564 Aerias
626 2502 739 2582 positis
761 2501 902 2585 fugaque
925 2503 957 2565 in
979 2507 1046 2568 tuto
1070 2503 1236 2578 collocata
1282 2503 1324 2566 At
1345 2503 1482 2568 fortasse

328 2598 448 2665 dixerit
470 2601 630 2684 quispiam
654 2603 761 2668 eLivi
777 2605 885 2669 verbis
901 2603 1117 2686 colligendum
1142 2623 1212 2670 esse
1227 2603 1360 2686 navigia
1382 2605 1480 2671 fnisse

327 2703 445 2783 parval
490 2700 600 2779 Quid?
650 2705 764 2770 Nonne
799 2705 848 2770 his
882 2709 962 2790 ipsis
996 2709 1105 2790 parvis
1138 2713 1169 2772 et
1201 2706 1313 2788 paucis
1344 2706 1481 2771 navibus

328 2802 592 2887 Philopoemenis
615 2807 753 2874 audacia
774 2814 807 2873 et
829 2809 930 2875 virtus
951 2809 1154 2892 augebatur?
1198 2811 1304 2891 Atque
1326 2809 1354 2874 si
1376 2807 1481 2874 eredis

327 2904 583 2989 Philopoemena
605 2912 769 2995 extemplo
791 2918 865 2995 post
880 2913 1095 2977 calamitatem
1118 2911 1231 2976 maiori
1256 2911 1351 2976 classi
1373 2930 1481 2976 occur·

327 3009 408 3074 risse
433 3017 464 3074 et
486 3030 557 3075 cnm
579 3012 637 3076 illa
659 3032 677 3077 e
699 3021 795 3096 portu
817 3033 888 3080 esse
911 3033 1091 3095 egressum,
1121 3015 1154 3078 iu
1184 3014 1244 3078 hac
1272 3012 1480 3095 expeditione

327 3131 391 3176 non
427 3111 582 3178 offendes.
634 3114 724 3192 Quae
763 3117 922 3180 sententia
956 3115 1020 3180 fide
1058 3115 1186 3198 dignior
1221 3114 1365 3198 videtur,
1403 3116 1480 3198 qnia

327 3210 531 3278 Achaeorum
565 3227 695 3298 praetor
728 3218 784 3282 illo
814 3237 991 3301 permagno
1028 3218 1158 3284 navium
1195 3236 1327 3282 numero
1360 3215 1478 3282 adduci

326 3314 447 3396 potuit,
483 3323 517 3380 ut
545 3321 720 3384 exercitum
749 3340 813 3385 non
839 3322 909 3385 sine
936 3338 994 3403 spe
1024 3321 1170 3403 prosperi
1200 3325 1333 3386 eventus
1356 3331 1480 3384 rursum

327 3421 439 3481 contra
473 3415 580 3486 hostes
614 3421 766 3488 educeret
798 3431 830 3488 et
862 3421 1086 3488 detrimentum
1122 3422 1263 3488 sarciret.
1308 3422 1481 3488 Praeterea

416 3647 439 3708 l)
458 3642 568 3696 Curtius
586 3642 613 3704 tl.
636 3641 653 3694 l.
676 3657 703 3708 p.
726 3643 785 3704 let)
812 3638 939 3708 opinatus
962 3639 1052 3694 Nabin
1071 3640 1105 3694 ad
1131 3639 1218 3694 Pleias
1237 3646 1327 3693 castra
1347 3640 1483 3707 posuisse,

327 3733 358 3782 ut
384 3728 483 3782 itinera
508 3728 536 3782 in
564 3726 701 3782 Laconiae
732 3729 825 3794 partes
851 3725 993 3780 interiores
1025 3733 1053 3780 et
1083 3727 1118 3780 ad
1148 3725 1231 3780 Helos
1259 3729 1286 3780 et
1311 3723 1480 3778 Geronthrus

327 3813 446 3868 Achaeis
464 3812 665 3876 intercluderet,
683 3825 808 3879 perverse
827 3809 886 3865 Livi
904 3815 987 3864 verba
1004 3812 1197 3879 interpretatus
1215 3813 1265 3864 est.
1301 3808 1371 3864 Nam
1390 3809 1480 3864 aditus

325 3899 356 3952 in
375 3898 512 3953 laconiae
531 3897 660 3952 interiora
678 3898 713 3951 ab
731 3895 855 3951 omnibus
880 3895 936 3950 iere
959 3895 1082 3965 partibus
1100 3896 1216 3950 Achaeis
1239 3894 1371 3964 patebant
1393 3909 1479 3962 neque

328 3982 426 4037 castris
443 3983 478 4037 ad
498 3982 587 4038 Pleias
605 3983 700 4052 positis
718 3981 808 4036 claudi
824 3985 980 4050 potueruut.
1016 3981 1068 4034 Sed
1081 3981 1166 4035 Nabis
1183 3981 1380 4047 interrumpere
1398 3993 1480 4033 coua·

327 4072 371 4121 tus
391 4073 431 4123 est
449 4069 510 4130 iter,
529 4067 599 4135 quod
617 4067 724 4121 ferebat
741 4081 758 4120 a
775 4065 878 4120 Zarace
895 4066 994 4132 Pleias,
1012 4081 1047 4120 ne
1065 4065 1255 4134 Philopoemen
1274 4079 1323 4132 per
1335 4063 1424 4118 Pleias
1442 4063 1477 4117 ad

331 4153 463 4222 Gytheum
482 4152 629 4206 exercitum
648 4152 767 4207 duceret.
