3344 5008
675 375 887 435 ,15-

206 541 414 607 bilitatem
449 543 542 608 visa
575 548 652 626 est,
686 543 836 608 relicto
866 561 912 607 eo
941 542 990 608 ad
1020 543 1272 608 curationem
1296 560 1359 606 ne·

206 644 427 710 cessariam
444 644 646 729 corporIs,
671 644 867 728 Elatiam,
891 643 995 710 unde
1017 645 1235 726 proiectus
1258 649 1360 727 erat,

207 745 323 812 redit.

294 846 417 925 Quibus
447 869 489 914 ex
519 849 626 915 verbis
652 849 796 914 Liuianis
827 855 876 915 est
905 849 1108 916 manifestum
1134 848 1277 914 Attalum
1303 849 1361 914 ali·

207 952 395 1037 quantisper
428 950 551 1018 Thebis
591 970 661 1018 esse
696 957 925 1018 commoratum
961 958 1027 1017 tum
1066 950 1193 1017 demum
1229 971 1362 1034 aegrum

207 1051 330 1118 Thebis
360 1053 554 1137 Pergamum
585 1073 656 1120 esse
684 1053 855 1120 advectum
885 1052 953 1130 (cir.
976 1052 1046 1118 Liv.
1070 1053 1224 1118 XXXIII.
1255 1055 1305 1117 at.
1333 1057 1360 1136 1,

209 1154 293 1220 Plut.
310 1155 413 1220 Flam.
430 1157 479 1240 6),
500 1157 557 1221 ubi
579 1155 691 1221 morbo
714 1160 921 1240 consumptus
944 1161 1001 1221 est.
1040 1155 1168 1222 Exiisse
1190 1162 1297 1221 autem
1320 1156 1362 1221 de

208 1257 277 1322 vita
305 1277 415 1340 regem
446 1257 547 1323 Meier
569 1260 589 1323 I.
614 1258 633 1322 l.
657 1279 687 1341 p.
713 1260 773 1323 368
804 1257 917 1324 eodem
947 1258 1015 1324 fere
1044 1263 1190 1341 tempere
1213 1259 1362 1343 opinatus

207 1369 265 1443 est,
290 1380 354 1443 quo
377 1379 486 1444 pugna
501 1358 544 1425 ad
560 1358 822 1444 Cynoscephalas
838 1361 879 1425 sit
895 1359 1076 1442 commissa,
1098 1366 1154 1424 aut
1175 1379 1238 1426 non
1262 1361 1361 1426 multo

167 1531 169 1538 ,
206 1470 289 1544 post.
335 1463 448 1545 Neque
472 1481 549 1527 vero
573 1481 640 1527 rem
664 1461 710 1527 ita
738 1481 772 1527 se
802 1460 939 1545 hahere,
968 1463 1029 1528 etsi
1058 1461 1170 1527 Livius
1192 1461 1360 1526 XXXVII.

209 1569 257 1631 53.
284 1568 322 1627 10
352 1564 403 1630 his
433 1566 512 1648 ipsis
542 1564 650 1630 verbis
679 1565 792 1629 utitur:
824 1571 1029 1648 postremo
1065 1585 1151 1630 cum
1181 1565 1361 1630 Boeotus

209 1666 256 1732 ad
286 1667 529 1732 societatem
569 1673 750 1732 vestram
782 1666 1036 1750 hortaretur,
1074 1669 1112 1732 in
1146 1667 1238 1751 ipsa
1270 1687 1361 1733 con·

209 1768 319 1834 tloue
352 1768 647 1834 intermortuus
679 1767 785 1834 haud
819 1769 942 1834 multo
981 1777 1074 1854 post
1111 1769 1361 1854 exspiravit,

209 1872 307 1953 paulo
329 1870 411 1935 infra
433 1871 629 1937 docebImus.

295 1971 361 2038 Sed
391 1980 487 2038 antea
517 1973 737 2054 enucleemus,
767 1993 830 2055 quo
859 1979 1004 2058 tempore
1033 1973 1074 2038 ad
1099 1973 1361 2057 Cynoscephalas

213 2075 348 2140 Romani
364 2096 435 2142 cum
452 2072 607 2158 Philepo
625 2074 672 2156 V.,
688 2071 899 2140 Macedonum
916 2094 1001 2158 rege,
1018 2075 1242 2158 pugnaverint.
1265 2073 1360 2152 Quod

209 2185 334 2262 tempus
363 2185 456 2243 extra
488 2176 721 2242 dubitationem
749 2179 877 2260 ponitur
907 2178 1095 2262 Polybianis
1123 2177 1242 2243 XVIII.
1266 2181 1316 2242 20.
1341 2181 1360 2242 3

208 2272 277 2342 ὅδὲ
296 2284 397 2355 Τίτος
410 2270 629 2354 ὑποπτεύσας
651 2275 689 2342 τὸ
713 2279 835 2360 μέλλον
858 2275 956 2345 ἐκίνει
979 2275 1038 2364 τὴν
1062 2277 1201 2360 δύναμιν
1224 2269 1293 2361 ἅμα
1312 2281 1361 2364 τῷ

211 2380 377 2465 Φιλίππῳ
408 2378 562 2446 σπεύδων
592 2385 973 2468 προκαταφθεῖραι
1005 2378 1074 2447 τὸν
1109 2377 1148 2445 ἐν
1177 2382 1224 2468 τῇ
1259 2385 1360 2446 Σκο-

208 2488 391 2570 τουσαίᾳ
425 2495 553 2549 σῖτον.
609 2483 700 2550 Haec
733 2492 840 2552 autem
876 2486 975 2551 verba
1003 2484 1041 2551 G.
1071 2484 1107 2550 F.
1136 2483 1246 2568 Unger
1286 2487 1360 2561 (DIe

209 2587 389 2654 remischcn
412 2586 549 2665 Qnellen
580 2586 637 2652 des
660 2586 772 2652 Livius
802 2588 834 2652 in
864 2589 922 2654 der·
944 2589 998 2654 IV.
1023 2586 1088 2653 und
1111 2587 1148 2652 V.
1172 2587 1305 2654 Decede
1328 2590 1359 2654 in

209 2691 326 2757 Philol.
350 2691 406 2755 III.
432 2691 536 2774 suppl.
561 2691 671 2768 (1878)
693 2709 724 2772 p.
742 2693 782 2753 50
795 2692 877 2774 sqq.)
901 2691 948 2756 sic
971 2691 1039 2755 vult
1062 2690 1225 2774 Intellegi,
1248 2697 1284 2756 ut
1304 2711 1358 2757 vo·

209 2794 323 2859 cabulo
354 2805 446 2857 σῖτον
476 2792 664 2877 simpliciter
692 2792 910 2873 significentur·
938 2794 1098 2859 frumenta
1125 2793 1190 2857 iam
1213 2792 1361 2862 demessa

208 2897 260 2962 vel
285 2897 368 2962 areis
392 2895 445 2960 vel
474 2892 598 2959 horreis
629 2893 774 2977 condita,
808 2916 913 2978 neque
947 2897 1022 2962 insit
1052 2895 1101 2960 his
1132 2895 1239 2961 verbis
1273 2902 1361 2961 certa

208 2998 367 3082 quaedam
391 3005 570 3079 temporum
593 2994 777 3080 desculptio.
823 2996 913 3075 Quae
944 2999 971 3064 si
1001 3000 1047 3064 Ita
1069 3003 1191 3078 essent,
1222 3017 1277 3064 cur
1299 2999 1359 3064 Po·

210 3100 318 3184 lyhius
341 3100 503 3184 expressis
527 3098 635 3164 verbis
658 3104 956 3186 προκαταφθεῑραι
970 3095 1029 3164 τὸν
1044 3095 1078 3163 ἐν
1093 3100 1133 3184 τῇ
1150 3102 1359 3187 Σκοτουσαίᾳ

209 3213 301 3265 σῖτον
325 3201 458 3283 dixerit,
488 3223 540 3268 me
562 3223 626 3269 non
653 3204 837 3286 perspicere
866 3204 1002 3269 libenter
1031 3203 1150 3285 fateor3
1177 3203 1359 3286 scripsisset

210 3303 296 3369 haud
319 3304 417 3370 dubie
440 3305 478 3371 Τ.
502 3304 685 3383 QuinetIum
709 3305 886 3388 proiectum
917 3326 988 3373 esse
1016 3326 1080 3372 una
1109 3326 1181 3371 eum
1204 3305 1358 3392 Philippo

208 3426 295 3490 rege,
318 3413 352 3472 ut
374 3407 481 3490 fruges
504 3429 653 3492 agrorum
671 3408 917 3476 Seotusaeorum
940 3415 1119 3492 occuparet.
1166 3407 1276 3492 Unger
1298 3411 1356 3492 igi-

208 3515 274 3592 tur,
303 3508 391 3592 quod
419 3509 526 3575 facere
554 3511 653 3593 solet,
683 3509 746 3578 hoe
774 3530 901 3594 quoque
924 3511 997 3576 loco
1020 3511 1140 3575 nullam
1168 3510 1234 3576 vim
1258 3513 1288 3578 ei
1311 3514 1357 3578 rei

208 3611 329 3694 tribuit,
353 3630 435 3696 quae
458 3612 567 3694 magni
591 3618 639 3678 est
661 3614 824 3680 momenti.

293 3714 420 3779 lltenIm
443 3715 601 3798 processit
621 3713 791 3799 Philippus
814 3736 871 3781 rex
894 3714 1008 3780 Pheris
1030 3713 1073 3780 ad
1095 3714 1263 3782 Scotusam
1285 3737 1357 3784 cum

209 3817 352 3883 exercitu
380 3836 438 3900 spe
466 3815 697 3900 frumentandi,
720 3818 757 3882 Τ.
781 3816 963 3901 Quinctius,
992 3824 1028 3882 ut
1055 3836 1260 3901 praegressus
1290 3841 1356 3886 cor-

208 3925 370 4004 rumperet
393 3918 477 3986 hosti
500 3921 658 3985 frumenta
682 3921 749 3999 (cir.
766 3919 879 4003 Polyb.
904 3920 924 3985 l.
947 3921 967 3984 l.
991 3920 1061 3984 Liv.
1079 3919 1233 3987 XXXIII.
1258 3926 1286 3988 6.
1304 3926 1355 4001 8.).

210 4021 322 4105 ltaque
338 4043 410 4088 cum
428 4028 535 4089 essent
550 4042 588 4088 eo
604 4029 749 4107 tempore
764 4023 872 4105 fruges
895 4023 928 4087 in
950 4023 1036 4106 agris
1052 4022 1237 4092 Scotusaeis
1252 4045 1357 4107 neque

209 4124 385 4207 demessae,
409 4126 446 4189 Τ.
463 4124 630 4203 Quinctius
647 4124 791 4190 hostibus
814 4126 970 4190 frumenta
985 4125 1121 4208 perdere
1145 4133 1193 4192 est
1215 4134 1356 4193 conatus.
