3308 5000
680 409 892 470 ..57-

207 569 324 658 μὲνὸ
352 579 475 652 Τίτος
503 576 557 660 τῷ
581 573 735 657 Νάβιδι
762 571 834 641 τὸν
860 573 1062 656 πόλεμον,
1093 567 1364 662 ἀποθνήσκει

209 678 251 744 δὲ
280 673 297 744 ὁ
333 675 465 761 Νάβις
497 667 563 741 ὑπ’
594 674 801 741 Αἰτωλῶν
835 677 1151 763 δολοφονηθείς
1183 679 1251 744 κτλ.
1285 681 1363 747 satie

208 782 388 848 luculenter
399 787 544 864 apparet.
578 778 726 845 Indutiae
745 781 842 863 igitur
853 781 974 847 Nabidi
989 780 1174 847 aRomanis
1190 801 1363 850 eoneessae

207 884 382 968 aPolybio
405 888 671 949 commemoratae
694 889 784 948 erant
806 885 874 959 (etr.
890 882 1011 948 Ruehl:
1033 883 1054 946 l.
1067 883 1087 947 l.
1111 903 1142 966 p.
1161 887 1200 948 37
1213 888 1306 968 squ),
1330 892 1364 952 at

208 985 291 1052 nihil
314 986 355 1052 de
378 982 429 1050 his
452 984 539 1067 apud
555 983 693 1049 Livium.
739 983 801 1063 Qui
823 985 919 1051 rebus
936 985 1220 1068 Peloponnesiaois
1242 987 1363 1054 reliotis

208 1090 323 1155 transit
351 1087 459 1153 verbis
485 1079 576 1152 ‘dum
604 1087 688 1152 inter
717 1085 864 1154 Aobaeos
893 1093 925 1153 et
951 1093 1121 1171 tyrannum
1150 1089 1271 1154 bellum
1294 1095 1363 1154 erat

209 1209 236 1256 e.
254 1209 284 1274 q.
301 1181 334 1256 s.’
359 1188 508 1268 (XXXV.
525 1191 578 1266 30)
601 1188 643 1253 ad
665 1189 704 1254 Τ.
728 1187 912 1266 Quinotium
934 1195 1123 1272 ueteresque
1146 1190 1362 1256 Romanorum

207 1291 351 1376 legatos,
375 1292 431 1374 qui
453 1291 594 1357 foederis
621 1289 770 1356 firmandi
804 1309 902 1356 eausa
935 1291 1093 1356 sooiorum
1123 1293 1271 1358 civitates
1303 1295 1362 1360 eir

207 1395 396 1475 eumierunt,
419 1413 458 1459 ae
480 1400 546 1457 tum
571 1392 699 1458 demum
723 1392 764 1458 ad
780 1390 1055 1458 Lacedaemonios
1078 1393 1171 1476 redit,
1195 1415 1266 1460 oum
1291 1415 1360 1478 per·

209 1501 375 1563 seeuturus
398 1501 447 1562 est
469 1495 660 1560 Alexameni
684 1495 791 1559 Aetoli
820 1493 1041 1560 dimissionem
1071 1495 1114 1560 ad
1143 1495 1361 1564 Laoedaemo·

207 1601 279 1665 nius
302 1599 434 1682 eiusque
456 1595 632 1662 adventum
655 1595 697 1660 ad
713 1595 820 1661 Nabin
843 1605 1022 1679 tyrannum.
1060 1598 1122 1663 llla
1136 1607 1253 1682 autem,
1278 1619 1361 1682 quae

206 1706 299 1784 gesta
320 1707 393 1766 sunt
416 1699 598 1764 breviante
618 1697 758 1764 indutias
781 1697 863 1763 inter
879 1699 1041 1765 Romanos
1055 1699 1228 1784 Nabinque
1249 1691 1360 1785 ιιιιιι,

207 1805 322 1870 Livius
343 1802 392 1868 his
415 1801 523 1867 verbis
547 1802 692 1884 tetigisse
715 1806 766 1866 sat
788 1798 885 1866 habet
910 1794 1168 1868 ‘Lacedaemone
1197 1822 1261 1867 non
1289 1805 1360 1869 urbi

205 1908 257 1971 vis
278 1903 472 1986 adferenda,
502 1903 559 1971 sed
583 1909 736 1986 tyrannus
759 1900 834 1968 dolo
857 1903 1033 1987 sapiendus
1057 1910 1140 1985 erat,
1169 1923 1265 1987 quem
1288 1925 1360 1988 spo·

207 2009 319 2072 liatum
341 2007 510 2072 maritimis
534 2005 663 2088 oppidis
686 2005 728 2071 ab
744 2005 906 2087 Romanis,
930 2012 1005 2070 tuno
1019 2005 1104 2070 intra
1118 2007 1247 2072 moenia
1262 2009 1358 2073 etiam

208 2109 461 2175 Lacedaemonis
490 2109 531 2174 ab
562 2107 702 2173 Aebaeis
736 2106 934 2189 compulsum
965 2126 992 2171 ι.
1009 2128 1039 2189 q.
1059 2099 1091 2172 ι’
1139 2109 1252 2191 Itaque
1277 2129 1359 2191 quae

208 2219 383 2276 evenerunt
405 2209 481 2275 inde
504 2210 545 2274 ab
568 2210 625 2275 illo
648 2216 808 2292 tempore,
832 2227 896 2290 quo
919 2209 1021 2275 Nabis
1043 2209 1289 2276 Lacedaemone
1312 2213 1357 2277 in·

206 2313 313 2378 elusus
337 2317 400 2393 ιιι,
428 2312 558 2378 silentio
581 2313 749 2394 praeterit,
781 2311 841 2376 etsi
864 2309 1125 2395 Philopoemenis
1149 2311 1270 2378 reditus
1293 2333 1358 2379 me·

205 2415 307 2496 minit,
330 2414 386 2497 qui
409 2412 480 2478 dies
501 2431 603 2497 prope
626 2413 757 2494 triginta
778 2412 821 2478 ad
842 2411 1121 2480 Laeedaemonem
1144 2416 1231 2479 vallo
1259 2416 1358 2481 fossa·

206 2535 269 2598 que
297 2517 433 2580 oinotam
463 2516 581 2581 stativa
609 2521 761 2598 posuerat
789 2521 821 2579 ιι
848 2515 1011 2582 Laeonum
1040 2536 1135 2598 agros
1164 2522 1358 2600 vastaverat,

205 2623 302 2700 atque
335 2617 370 2682 id
399 2617 568 2699 videlieet,
603 2618 679 2700 quia
708 2636 735 2682 e.
760 2619 800 2678 27
813 2637 881 2699 sqq.
907 2637 978 2683 eum
1010 2617 1052 2683 ad
1080 2618 1357 2686 Lacedaemonem

206 2721 383 2790 exereitum
407 2719 538 2784 duxisse
553 2725 756 2801 exposuerat.
795 2718 911 2783 Parum
927 2727 1033 2785 autem
1057 2729 1205 2787 aoeurate
1228 2722 1357 2788 aLivio

205 2823 292 2888 dieta
315 2829 387 2887 sunt
409 2821 511 2886 verba
532 2823 594 2888 ista
619 2815 952 2904 ‘debilitatisque
981 2842 1026 2888 ao
1056 2843 1181 2906 prope
1209 2824 1358 2890 fraetis

203 2925 365 3007 tyranni
393 2924 553 2989 viribus
582 2923 739 2988 domum
772 2917 918 3003 rediit’,
953 2925 1030 3006 quin
1058 2927 1156 2990 etiam
1185 2924 1358 3008 Polybium

205 3027 270 3090 illis
293 3027 401 3090 verbis
425 3026 502 3090 belli
526 3027 647 3090 exitum
665 3025 953 3108 oireumeoripsisee
970 3028 1099 3091 omnino
1122 3026 1278 3092 credibile
1293 3048 1358 3095 non

205 3135 254 3193 est
275 3127 342 3202 (ιιι.
367 3127 481 3208 Ruehl,
504 3148 535 3211 p.
549 3129 611 3205 37).

289 3230 412 3295 Tamen
456 3229 568 3294 Livius
608 3247 761 3296 enarrans
793 3231 985 3296 Alexameni
1025 3231 1132 3295 Aetoli
1172 3230 1357 3297 missionem

204 3351 301 3414 supra
321 3352 343 3396 a
364 3351 400 3396 se
423 3332 572 3415 exposita
594 3351 665 3396 esse
696 3333 797 3398 multa
818 3332 926 3416 linxit,
956 3351 1039 3415 quae
1071 3332 1188 3397 frustra
1210 3352 1356 3416 quaeres.

204 3433 285 3500 Dino
308 3433 382 3498 Livi
396 3434 535 3499 verbao.
552 3435 593 3498 35
613 3426 741 3515 ‘quem
757 3436 978 3518 spoliatum
1000 3434 1215 3500 maritimis
1239 3439 1355 3519 oppi-

203 3535 266 3602 dis
299 3536 347 3600 ab
381 3536 584 3617 Romanis,
622 3541 714 3601 tnno
747 3537 854 3602 intra
886 3536 1045 3602 moenia
1079 3536 1201 3598 etiam
1232 3537 1356 3604 Laee-

203 3636 413 3702 daemonis
447 3639 493 3701 ab
528 3637 702 3703 Achaeis
736 3629 1004 3721 compulsum‘,
1039 3656 1131 3718 quae,
1165 3643 1199 3703 ut
1232 3640 1355 3724 opinor,

202 3738 245 3804 ad
264 3739 402 3804 alterum
426 3740 544 3803 bellum
566 3758 639 3804 oum
661 3739 790 3805 Nabide
812 3748 937 3823 gestum
966 3739 1151 3804 revocanda
1178 3749 1259 3807 sunt.
1306 3746 1356 3810 Ex

204 3842 319 3922 quibus
342 3839 478 3905 efficitur
492 3841 609 3922 Nabim,
633 3861 705 3906 eum
721 3843 829 3906 Aetoli
845 3843 1080 3907 Alexamenum
1095 3841 1221 3909 missuri
1239 3855 1355 3930 essent,

201 3943 267 4008 ianr
291 3943 438 4008 omnibus
461 3942 590 4024 oppidis
613 3944 798 4026 maritimis,
828 3964 911 4027 quae
942 3944 1026 4010 bello
1050 3952 1264 4025 occupaverat
1285 3949 1354 4024 (alr.

201 4044 272 4109 Liv.
285 4043 421 4108 XXXV.
442 4047 478 4108 13
501 4052 534 4108 et
549 4048 639 4109 ιιι.
658 4048 720 4124 13),
742 4067 763 4110 a
778 4047 930 4111 Romanis
954 4047 1052 4111 fuisse
1075 4046 1251 4128 privatum,
1274 4052 1355 4130 peti-

200 4147 287 4213 visse
309 4151 417 4212 antem
440 4144 481 4210 ab
504 4147 637 4228 Aetolis,
661 4147 777 4228 quibus
805 4147 988 4212 auetoribus
1011 4147 1217 4230 rebellasset,
1241 4149 1354 4218 iterum
