3344 5008
636 419 846 480 ..37-

164 583 1320 670 Milesiisquemsacrumappellantagr-umrestituer'unt,

164 692 202 751 et
223 684 453 752 Iliensibus
476 685 701 755 Rhoeteum
726 694 764 754 et
786 686 1030 770 Gergithum
1052 686 1319 773 addiderunt,

163 808 239 854 non
269 794 346 854 tem
377 789 425 853 ob
453 791 642 856 recentia
675 791 761 857 ulla
790 791 937 856 merite
970 809 1084 874 quam
1115 790 1319 873 originum

163 891 364 956 memoria
417 887 508 967 Quae
542 892 642 958 verba
674 890 749 958 inde
782 892 824 956 ab
854 885 914 958 ‘et
951 881 1191 958 Iliensibus’
1232 891 1318 976 apud

165 992 337 1077 Polybium
367 992 456 1057 XXI.
488 993 538 1057 48.
570 998 671 1076 tsqq.
709 1013 773 1058 non
809 994 875 1058 iam
913 1001 1048 1062 exstant.
1099 994 1209 1077 lisque
1247 1014 1319 1060 cum

165 1094 277 1161 Livius
293 1096 313 1160 l.
329 1095 350 1159 l.
366 1094 408 1160 ad
434 1096 567 1161 verbum
592 1096 699 1162 omnia
715 1114 755 1161 ex
773 1095 909 1179 Polybio
925 1097 1131 1178 transtulerit,
1156 1095 1209 1162 bic
1225 1093 1319 1162 huius

163 1197 197 1262 in
220 1203 373 1265 contextu
400 1199 548 1264 lacunam
571 1195 661 1264 hiare
684 1199 745 1263 viri
769 1197 856 1265 docti
878 1205 951 1265 sunt
981 1198 1143 1282 arbitrali,
1173 1218 1256 1282 quae
1278 1219 1319 1265 ex

163 1300 239 1366 Livi
265 1301 372 1367 verbis
395 1300 415 1365 l.
432 1301 452 1366 l.
476 1303 495 1377 ᾗ
521 1306 560 1365 10
584 1300 747 1385 explenda
768 1302 811 1368 sit
821 1304 850 1376 ¹).

252 1402 401 1468 Attamen
417 1403 547 1488 Polybii
572 1403 671 1469 verba
694 1404 803 1487 utique
826 1403 952 1486 integra
968 1422 1039 1469 esse
1062 1408 1150 1487 puto,
1173 1423 1244 1469 cum
1268 1422 1321 1486 ea,

164 1524 250 1588 quae
273 1510 347 1570 sunt
369 1504 456 1588 apud
472 1504 611 1589 Livium,
634 1505 806 1590 aPolybio
822 1505 919 1572 scribi
943 1506 1072 1572 omnino
1090 1506 1151 1570 non
1173 1505 1319 1588 potuisse

165 1605 246 1672 mibi
269 1608 495 1690 persuaserim.
522 1607 591 1673 lam
606 1607 667 1673 Pb.
684 1607 875 1674 Mommsen:
899 1605 1072 1674 Rdmiscbe
1088 1605 1319 1690 Porschungen

162 1711 205 1774 ΙΙ.
228 1730 260 1793 p.
285 1711 346 1775 538
370 1710 411 1775 ob
440 1710 576 1776 eandem
606 1729 735 1776 causam
758 1711 886 1776 Livium
917 1729 957 1775 ex
986 1709 1149 1776 annalium
1178 1709 1317 1793 quodam

163 1813 331 1895 scriptore,
344 1812 399 1894 qui
415 1831 456 1878 ex
473 1813 557 1878 bono
568 1820 699 1879 auctore
715 1812 796 1880 baec
808 1813 1019 1898 comperisset
1033 1817 1089 1877 aut
1100 1810 1316 1894 continuisset,

165 1915 268 1979 verba
291 1914 349 1978 illa
371 1914 530 1981 adiecisse
553 1914 699 1981 credidit.
746 1916 794 1982 De
817 1916 905 1982 fonte
928 1916 961 1980 in
983 1914 1172 1982 Mommseni
1196 1922 1319 1998 partem

165 2017 260 2099 abeo,
285 2023 317 2081 et
338 2017 502 2082 annalium
525 2018 613 2083 illum
638 2019 826 2102 scriptorem
849 2037 907 2102 pro
930 2016 1031 2082 nihilo
1056 2035 1125 2083 esse
1148 2019 1316 2084 aestiman-

163 2119 240 2184 dum
265 2117 432 2185 contendo.
478 2120 585 2186 Verba
607 2121 693 2186 enim
715 2122 787 2205 ipsa
812 2114 906 2186 ‘non
940 2125 1018 2184 tam
1052 2118 1099 2185 ob
1133 2120 1319 2185 recentia

164 2221 250 2286 ulla
278 2221 427 2286 merita
455 2241 569 2306 qnam
599 2223 801 2305 originum
824 2211 1031 2288 memoria‘
1064 2219 1207 2288 indicare
1237 2220 1317 2288 mibi

165 2324 316 2390 videntur
349 2342 383 2390 se
412 2324 531 2390 inserte
559 2344 630 2391 esse
659 2326 748 2408 pacis
783 2325 1025 2392 condicionibus
1059 2342 1165 2406 neque
1198 2324 1318 2407 scripta

165 2427 266 2493 fuisse
289 2427 321 2491 in
344 2425 485 2493 foederis
507 2427 634 2511 tabella,
657 2429 734 2512 quia
757 2434 830 2496 sunt
851 2429 948 2513 plane
970 2445 1211 2510 supervacanea
1232 2427 1317 2509 ipsa·

165 2549 228 2612 qne
251 2528 404 2611 afferunt,
433 2529 561 2610 quade
585 2549 682 2596 eausa
707 2531 796 2614 pacis
826 2530 952 2613 legibus
982 2534 1056 2595 sunt
1082 2526 1203 2594 addita.
1249 2529 1317 2594 lam

164 2637 240 2698 ante
263 2630 391 2696 Livium
420 2637 452 2696 et
480 2632 637 2714 imprimis
660 2633 733 2698 Livi
762 2639 868 2699 aetate
893 2630 1028 2697 Romani
1050 2629 1169 2696 Iliacae
1200 2651 1317 2697 memo-

164 2735 247 2799 riam
261 2733 394 2816 originis
406 2733 714 2816 necessitudinisque
727 2755 798 2800 cum
811 2735 982 2800 Iliensibus
994 2732 1139 2810 (ciebis.
1148 2732 1317 2798 XXXVII.

165 2839 216 2901 37.
241 2840 269 2921 3,
293 2835 381 2902 Suet.
405 2834 517 2902 Claud.
544 2837 596 2912 25)
619 2835 838 2920 redintegrare
869 2834 1041 2902 studebant
1068 2840 1100 2899 et
1129 2841 1194 2900 tum
1225 2855 1316 2918 prae-

166 2941 254 3006 clara
277 2939 470 3005 offerebatur
492 2940 620 3006 occasio
643 2940 805 3022 expressis
822 2939 929 3004 verbis
946 2935 1028 3002 banc
1050 2936 1317 3003 necessitudinem

163 3043 349 3128 propiorem
382 3041 458 3108 fidei
493 3040 667 3125 reddendi,
700 3042 888 3125 pracsertim
927 3060 998 3106 cum
1033 3058 1074 3105 ex
1109 3059 1149 3105 ea
1178 3039 1211 3105 in
1244 3039 1317 3105 illas

164 3148 256 3230 pacis
273 3144 479 3212 condiciones
501 3149 631 3227 recepta
652 3143 743 3210 fieret
764 3163 815 3210 res
831 3144 916 3210 fecte
937 3161 1041 3226 neque
1064 3142 1106 3207 ab
1121 3140 1187 3206 ullo
1211 3141 1244 3206 in
1260 3139 1317 3207 du·

166 3248 257 3314 bium
279 3249 389 3314 vocari
411 3249 564 3332 possete.
621 3291 625 3300 ·

252 3352 299 3417 Re
329 3369 407 3416 vera
440 3356 547 3417 autem
581 3350 646 3414 iam
680 3349 770 3414 initio
804 3350 925 3416 saeculi
958 3348 1090 3414 alterius
1124 3367 1152 3412 a.
1182 3346 1256 3413 (ihr.
1285 3369 1316 3412 n.

165 3456 260 3520 Ilium
286 3460 355 3519 erat
377 3453 512 3518 liberum
536 3453 739 3535 immuneque
763 3471 801 3517 ac
823 3472 882 3535 per
904 3453 1003 3517 breve
1032 3456 1155 3516 tantum
1179 3457 1314 3533 tempus,

164 3644 368 3654 ——--——-

255 3757 346 3824 liefr.
366 3757 505 3810 Reiske:
534 3754 801 3810 Animadversionem
833 3754 866 3808 ad
894 3753 1014 3807 Graecos
1038 3757 1164 3807 auctores
1191 3752 1241 3806 vol.
1267 3752 1315 3807 IV.

164 3845 239 3914 Lips.
257 3848 321 3897 llos
339 3859 365 3912 p.
380 3845 443 3906 6653
469 3841 615 3895 liultsch
633 3840 668 3894 ad
681 3840 774 3909 Polyb.
789 3840 805 3892 l.
820 3839 847 3904 l.;
867 3838 1117 3892 Weissenborn
1133 3837 1169 3892 ad
1182 3836 1239 3891 Lir.
1252 3837 1314 3903 l.l.;

165 3931 266 3984 Nissen
284 3928 302 3983 l.
321 3928 338 3981 l.
357 3943 384 3995 p.
401 3931 431 3980 to
454 3929 488 3982 ab
513 3927 691 3997 epitomatore
715 3924 831 3994 quodam
855 3923 960 3994 Polybii
985 3923 1068 3977 verba
1092 3927 1234 3976 contracta
1257 3937 1317 3976 esse

205 4017 210 4028 “
232 4019 294 4067 atus
313 4020 362 4067 est.

166 4031 229 4085 opm
252 4104 278 4162 l)
296 4099 342 4152 Sic
359 4097 431 4168 apud
450 4113 540 4151 rernm
558 4098 704 4165 scriptores
722 4095 881 4167 posterioris
898 4094 996 4148 aetatis
1012 4094 1085 4147 velut
1102 4096 1175 4163 apud
1193 4091 1316 4147 Tacitum

165 4187 256 4242 annal.
277 4185 339 4238 Xll.
360 4187 392 4236 58
410 4183 543 4237 invenitur
562 4197 578 4234 c
598 4183 726 4236 Romanis
744 4182 856 4237 Ilienses
874 4182 1025 4235 libertatem
1044 4187 1139 4236 nactos
1158 4197 1225 4236 csse.
