3308 5000
948 117 956 150 l

814 389 1027 453 ..88-

344 559 507 634 πλείστας
523 555 558 622 δὲ
572 560 729 642 χορηγίας
745 548 1007 643 σομβεβλήμεθα
1030 552 1117 636 πρὸς
1132 551 1193 630 τὰς
1208 548 1369 640 ὑμετέρας
1382 561 1498 640 χρείας

344 657 377 726 ἐν
401 672 473 736 τοῖς
496 650 773 743 ἀναγκαιοτάτοις
793 669 932 738 καιροῖς,
956 656 1004 734 εἰς
1027 650 1158 733 πάντας
1181 655 1217 721 δὲ
1234 653 1312 734 τοὺς
1326 656 1499 736 κινδύνους

345 759 533 845 δεδώκαμεν
557 756 677 838 αὑτοδς
699 752 968 847 ἀπροφασίστως
989 757 1074 842 μετά
1094 782 1131 844 γε
1152 759 1219 824 τῶν
1239 753 1406 842 ὑμετέρων
1421 755 1498 847 ἡγε-

343 862 471 946 μόνων·
486 859 524 928 τδ
543 862 579 928 δὲ
593 864 784 928 τελευταῖον
800 857 1025 947 ὑπεμείναμεν
1041 862 1314 946 συγκλεισθέντες
1330 860 1378 938 εἰς
1395 854 1498 928 αὐτὸν

343 962 402 1032 τὸν
424 968 604 1051 Πέργαμον
631 966 893 1047 πολιορκεῖσθαι
921 965 977 1029 καὶ
1006 961 1205 1030 κινδυνεύειν
1237 954 1307 1046 δμα
1335 966 1499 1049 περὶτοῦ

341 1072 418 1150 βίον
440 1067 496 1132 καὶ
517 1069 576 1154 τῆς
599 1059 700 1154 ἀρχῆς
722 1064 778 1132 διὰ
802 1063 861 1154 τὴν
877 1063 963 1153 πρὸς
985 1062 1043 1132 τὸν
1058 1060 1214 1149 ὑμέτερον
1238 1065 1341 1153 δῆμον
1364 1060 1498 1133 εὔνοιαν

343 1172 410 1247 (cir.
433 1170 505 1236 Lis.
530 1170 698 1236 XXXVII.
721 1173 911 1253 53.15sq.).
956 1170 1024 1236 Iam
1051 1170 1081 1236 si
1103 1168 1278 1234 Aemilium
1306 1171 1497 1255 impulisset,

343 1279 378 1338 ut
400 1272 596 1355 colloquium
612 1271 657 1338 de
680 1291 761 1356 pace
776 1274 938 1357 acciperet
953 1307 994 1318 -
1009 1290 1148 1354 namque
1164 1268 1198 1335 id
1213 1271 1305 1336 illum
1319 1272 1417 1338 facile
1438 1274 1497 1339 im·

296 1399 302 1410 ·
342 1381 540 1459 petraturum
563 1372 662 1440 luisse
685 1372 877 1440 crediderim
900 1371 1036 1439 Rhodiis
1059 1371 1146 1438 baud
1165 1372 1378 1438 abnuentibus
1400 1405 1444 1416 -
1465 1377 1499 1436 et

342 1475 487 1543 Indutiae
516 1494 588 1542 com
611 1473 792 1543 Seleucidis
820 1475 925 1543 factae
956 1482 1077 1557 essent,
1107 1475 1200 1559 quasi
1230 1493 1292 1540 uno
1322 1475 1386 1540 ictu
1410 1473 1498 1539 omni

343 1578 487 1661 periculo
510 1576 665 1642 liberatus
688 1583 782 1643 esset.
823 1577 937 1661 Neque
961 1583 1066 1642 tamen
1098 1576 1275 1643 commodis
1303 1577 1405 1659 Ipsius
1436 1577 1496 1643 uti-

343 1680 491 1762 litatique
505 1679 668 1762 praesenti
684 1678 828 1762 servivit,
851 1678 909 1745 sed
932 1679 1070 1744 omnium
1094 1679 1191 1745 saluti
1214 1680 1246 1743 in
1268 1679 1399 1762 longum
1423 1698 1498 1746 con·

344 1781 452 1847 solens
481 1786 514 1846 et
539 1799 588 1861 ca,
616 1798 699 1862 quae
721 1787 878 1847 eventura
899 1786 1021 1863 essent,
1051 1782 1253 1864 prospiciens
1276 1780 1498 1848 commodimi-

342 1902 428 1949 mum
455 1901 526 1948 esse
552 1883 675 1948 censuit
700 1883 873 1966 persistere
895 1883 928 1947 in
950 1881 1046 1949 bello.
1081 1883 1194 1966 Neque
1217 1885 1303 1949 enim
1317 1883 1497 1966 dubitabat,

344 1985 421 2067 quin
437 1984 573 2050 Romani
589 1985 728 2052 ulctores
750 2004 769 2051 e
790 1985 877 2051 bello
901 1983 1074 2051 discessuri
1097 1992 1213 2067 essent,
1236 1985 1396 2068 simulque
1414 1986 1497 2052 arbi·

345 2086 490 2152 trabatur
512 2104 568 2152 ecs
591 2087 728 2152 victorIa
750 2087 796 2152 ita
818 2105 931 2152 usuros
947 2104 1029 2168 csse,
1052 2093 1087 2151 ut
1101 2086 1253 2154 Antiochi
1267 2105 1401 2170 regnum
1417 2088 1497 2154 anti·

347 2189 419 2271 quis
434 2187 579 2254 terminis
596 2194 780 2256 coercerent
795 2195 827 2254 et
842 2207 926 2270 quae
942 2186 1166 2273 detraxissent,
1190 2190 1332 2255 maxima
1349 2197 1497 2274 exparte

344 2310 403 2356 suo
426 2290 528 2374 ipsius
557 2290 693 2372 imperio
721 2289 895 2374 adderent,
930 2289 1017 2373 quod
1051 2307 1205 2374 oppresso
1234 2290 1351 2356 audaci
1381 2291 1439 2356 illc
1467 2297 1499 2356 ct

343 2397 554 2475 praepotente
577 2391 765 2458 adversario
787 2390 917 2456 modam
940 2390 1115 2474 aliquando
1134 2410 1208 2475 spes
1227 2398 1296 2457 erat
1317 2393 1420 2460 libere
1444 2413 1498 2460 eos

346 2510 417 2558 csse
447 2494 669 2575 respiratnros.
715 2493 827 2576 ltaque
861 2513 931 2558 cum
966 2499 1014 2559 tot
1046 2499 1198 2578 tantaque
1225 2495 1396 2562 commoda
1424 2503 1499 2562 ante

345 2595 455 2662 oculos
478 2600 697 2677 versarentur,
720 2614 783 2662 non
806 2597 981 2678 recusavit,
1006 2597 1083 2679 quin
1105 2597 1266 2680 patienter
1286 2597 1384 2664 ferret
1406 2618 1497 2682 prae·

345 2696 451 2762 sentia
479 2697 581 2762 mala:
614 2717 687 2761 nam
712 2695 889 2763 Antiochus
917 2697 950 2761 in
974 2697 1245 2782 Pergamenorum
1267 2696 1384 2767 finibus
1407 2721 1497 2768 excr-

345 2799 442 2864 citum
475 2799 606 2866 retinuit
637 2803 670 2864 et
706 2796 861 2864 Seleucus
897 2798 1088 2881 Pergamum
1125 2819 1312 2884 oppugnare
1348 2821 1497 2885 perseve-

344 2902 438 2967 ravit.

431 3004 536 3085 Atque
559 3002 727 3068 confestim
750 3000 928 3068 Antiochus
950 3005 1020 3086 ipse
1035 3002 1213 3069 Elaitarum
1237 3010 1269 3069 ct
1285 3004 1498 3089 Pergameno·

345 3126 415 3170 rum
431 3123 525 3187 agros
541 3102 758 3187 depopulatos
775 3103 1021 3188 Adramytteum
1036 3106 1198 3189 proiectus
1214 3113 1272 3184 est,
1295 3113 1330 3172 ut
1344 3105 1500 3192 diriperet

346 3207 532 3291 opulentum
559 3205 667 3286 illum,
690 3205 745 3287 qui
768 3207 866 3290 vulgo
889 3205 1019 3273 Thebes
1041 3207 1147 3291 audit,
1171 3228 1319 3293 campum
1342 3211 1411 3286 (cfr.
1429 3211 1498 3276 Liv.

345 3306 514 3372 XXXVII.
534 3308 582 3370 19.
600 3307 631 3382 7)
646 3308 677 3380 ¹).
726 3305 805 3372 (lum
829 3327 907 3374 vero
930 3307 1017 3374 haud
1043 3309 1090 3375 ita
1115 3311 1215 3378 multo
1242 3317 1315 3394 post
1339 3312 1498 3380 Aemilius

345 3417 378 3476 ct
393 3410 563 3489 Eumenes,
587 3414 622 3472 ut
644 3407 803 3473 laboranti
825 3409 896 3474 urbi
919 3428 1013 3494 opem
1028 3411 1149 3478 famant
1163 3413 1206 3478 ad
1220 3413 1466 3497 Adramytteum
1476 3418 1499 3486 c)

434 3717 456 3777 1)
475 3711 524 3766 cir.
544 3711 635 3766 Strab.
660 3709 733 3764 XllI.
755 3715 778 3764 1.
799 3713 831 3763 63
855 3726 882 3779 p.
902 3715 952 3764 612
978 3717 1005 3767 et
1027 3728 1051 3766 c.
1073 3718 1094 3767 l.
1115 3718 1146 3767 70
1171 3730 1199 3782 p.
1219 3717 1278 3781 616,
1304 3715 1499 3772 Weissenborn

343 3796 379 3852 ad
396 3797 455 3852 Lis.
468 3795 607 3851 XXXVII.
629 3800 668 3850 19.
688 3801 714 3851 ⁵1.

432 3885 457 3948 2)
476 3879 682 3949 Adramytteum
700 3880 747 3935 illo
765 3884 885 3950 tempore
898 3881 1027 3936 EumenIs
1040 3882 1109 3950 regis
1126 3883 1212 3938 fuisse
1229 3884 1344 3938 everbis
1358 3885 1499 3942 Strabonis

344 3967 422 4021 XIII.
442 3971 466 4021 t.
487 3971 501 4020 2
520 3982 547 4035 p.
561 3969 612 4020 624
630 3965 690 4030 (cfr.
704 3981 773 4035 qnae
791 3966 908 4021 diximus
925 3983 952 4035 p.
966 3969 998 4022 31
1009 3973 1079 4035 sqq.)
1097 3967 1273 4036 colligendum
1294 3985 1353 4025 esse
1366 3972 1499 4027 contendo

345 4065 432 4120 neque
457 4049 592 4106 assentior
615 4050 852 4116 Weissenbornio,
879 4051 927 4119 qni
952 4053 987 4107 ad
1010 4051 1069 4106 Liv.
1095 4069 1117 4107 o.
1141 4057 1178 4108 19.
1199 4056 1214 4107 8
1240 4053 1308 4108 baec
1331 4053 1411 4110 dicits
1440 4056 1500 4120 „die

345 4137 427 4190 stadt
444 4135 553 4191 scheint
570 4136 671 4191 hareits
689 4135 737 4191 aui
754 4135 802 4190 der
820 4135 893 4190 Scite
911 4137 958 4191 der
976 4137 1076 4192 Rdmcr
1092 4155 1127 4194 zu
1145 4137 1266 4193 stehenf·
