<?xml version="1.0" encoding="UTF-8"?>
<!DOCTYPE html PUBLIC "-//W3C//DTD XHTML 1.0 Transitional//EN"
    "http://www.w3.org/TR/xhtml1/DTD/xhtml1-transitional.dtd">
<html xmlns="http://www.w3.org/1999/xhtml" xml:lang="en" lang="en">
 <head>
  <title>
</title>
<meta http-equiv="Content-Type" content="text/html;charset=utf-8" />
  <meta name='ocr-system' content='tesseract 3.04.00' />
  <meta name='ocr-capabilities' content='ocr_page ocr_carea ocr_par ocr_line ocrx_word'/>
</head>
<body>
  <div class='ocr_page' id='page_1' title='image "./symbolaeadeumen00meisgoog_0076.png"; bbox 0 0 3308 5000; ppageno 0'>
   <div class='ocr_carea' id='block_1_1' title="bbox 640 397 854 460">
    <p class='ocr_par' dir='ltr' id='par_1_1' title="bbox 640 397 854 460">
     <span class='ocr_line' id='line_1_1' title="bbox 640 397 854 460; baseline 0 -18"><span class='ocrx_word' id='word_1_1' title='bbox 640 397 854 460; x_wconf 70' lang='lat'>..61-</span> 
     </span>
    </p>
   </div>
   <div class='ocr_carea' id='block_1_2' title="bbox 165 562 1332 3906">
    <p class='ocr_par' dir='ltr' id='par_1_2' title="bbox 165 562 1327 1158">
     <span class='ocr_line' id='line_1_2' title="bbox 165 562 1327 647; baseline -0.001 -17"><span class='ocrx_word' id='word_1_2' title='bbox 165 569 274 630; x_wconf 90' lang='lat' dir='ltr'><strong>autem</strong></span> <span class='ocrx_word' id='word_1_3' title='bbox 311 562 575 647; x_wconf 80' lang='lat' dir='ltr'><strong>Philopoemenis</strong></span> <span class='ocrx_word' id='word_1_4' title='bbox 611 563 734 630; x_wconf 89' lang='lat' dir='ltr'><strong>reditus</strong></span> <span class='ocrx_word' id='word_1_5' title='bbox 771 571 857 630; x_wconf 85' lang='lat' dir='ltr'><strong>tutus</strong></span> <span class='ocrx_word' id='word_1_6' title='bbox 894 583 915 630; x_wconf 88' lang='lat' dir='ltr'><strong>a</strong></span> <span class='ocrx_word' id='word_1_7' title='bbox 952 563 1220 632; x_wconf 74' lang='lat' dir='ltr'><strong>Lacedaemoniis</strong></span> <span class='ocrx_word' id='word_1_8' title='bbox 1259 571 1327 634; x_wconf 85' lang='lat' dir='ltr'><strong>erat</strong></span> 
     </span>
     <span class='ocr_line' id='line_1_3' title="bbox 165 664 1326 749; baseline 0.001 -17"><span class='ocrx_word' id='word_1_9' title='bbox 165 666 285 748; x_wconf 83' lang='lat' dir='ltr'><strong>iactus,</strong></span> <span class='ocrx_word' id='word_1_10' title='bbox 315 666 342 732; x_wconf 89' lang='lat' dir='ltr'><strong>si</strong></span> <span class='ocrx_word' id='word_1_11' title='bbox 371 683 422 732; x_wconf 87' lang='lat' dir='ltr'><strong>res</strong></span> <span class='ocrx_word' id='word_1_12' title='bbox 452 664 555 732; x_wconf 91' lang='lat' dir='ltr'><strong>minus</strong></span> <span class='ocrx_word' id='word_1_13' title='bbox 585 685 739 748; x_wconf 88' lang='lat' dir='ltr'><strong>prospare</strong></span> <span class='ocrx_word' id='word_1_14' title='bbox 767 665 912 749; x_wconf 88' lang='lat' dir='ltr'><strong>cederet,</strong></span> <span class='ocrx_word' id='word_1_15' title='bbox 945 671 1115 749; x_wconf 89' lang='lat' dir='ltr'><strong>postquam</strong></span> <span class='ocrx_word' id='word_1_16' title='bbox 1149 685 1252 732; x_wconf 84' lang='lat' dir='ltr'><strong>naves</strong></span> <span class='ocrx_word' id='word_1_17' title='bbox 1273 666 1326 732; x_wconf 84' lang='lat' dir='ltr'><strong>&#39;ad</strong></span> 
     </span>
     <span class='ocr_line' id='line_1_4' title="bbox 167 767 1326 851; baseline 0.002 -17"><span class='ocrx_word' id='word_1_18' title='bbox 167 771 281 836; x_wconf 76' lang='lat' dir='ltr'><strong>Aerias</strong></span> <span class='ocrx_word' id='word_1_19' title='bbox 304 769 498 836; x_wconf 81' lang='lat' dir='ltr'><strong>constitutae</strong></span> <span class='ocrx_word' id='word_1_20' title='bbox 527 775 609 833; x_wconf 91' lang='lat' dir='ltr'><strong>sunt.</strong></span> <span class='ocrx_word' id='word_1_21' title='bbox 655 767 721 834; x_wconf 85' lang='lat' dir='ltr'><strong>Sed</strong></span> <span class='ocrx_word' id='word_1_22' title='bbox 754 787 827 834; x_wconf 90' lang='lat' dir='ltr'><strong>eum</strong></span> <span class='ocrx_word' id='word_1_23' title='bbox 845 769 891 834; x_wconf 84' lang='lat' dir='ltr'><strong>ei</strong></span> <span class='ocrx_word' id='word_1_24' title='bbox 921 769 1124 851; x_wconf 72' lang='lat' dir='ltr'><strong>contigisset,</strong></span> <span class='ocrx_word' id='word_1_25' title='bbox 1153 775 1188 834; x_wconf 89' lang='lat' dir='ltr'><strong>ut</strong></span> <span class='ocrx_word' id='word_1_26' title='bbox 1216 767 1326 836; x_wconf 85' lang='lat' dir='ltr'><strong>hostes</strong></span> 
     </span>
     <span class='ocr_line' id='line_1_5' title="bbox 167 867 1325 954; baseline 0.002 -18"><span class='ocrx_word' id='word_1_27' title='bbox 167 870 211 936; x_wconf 88' lang='lat' dir='ltr'><strong>ad</strong></span> <span class='ocrx_word' id='word_1_28' title='bbox 225 870 337 936; x_wconf 90' lang='lat' dir='ltr'><strong>Pleias</strong></span> <span class='ocrx_word' id='word_1_29' title='bbox 352 876 578 952; x_wconf 80' lang='lat' dir='ltr'><strong>prosterneret,</strong></span> <span class='ocrx_word' id='word_1_30' title='bbox 601 870 634 934; x_wconf 91' lang='lat' dir='ltr'><strong>in</strong></span> <span class='ocrx_word' id='word_1_31' title='bbox 650 869 811 936; x_wconf 63' lang='lat' dir='ltr'><strong>Lacum</strong></span> <span class='ocrx_word' id='word_1_32' title='bbox 833 876 941 954; x_wconf 87' lang='lat' dir='ltr'><strong>partes</strong></span> <span class='ocrx_word' id='word_1_33' title='bbox 964 871 1132 936; x_wconf 89' lang='lat' dir='ltr'><strong>interiores</strong></span> <span class='ocrx_word' id='word_1_34' title='bbox 1146 867 1325 952; x_wconf 87' lang='lat' dir='ltr'><strong>procedere</strong></span> 
     </span>
     <span class='ocr_line' id='line_1_6' title="bbox 167 971 1325 1056; baseline 0 -18"><span class='ocrx_word' id='word_1_35' title='bbox 167 973 273 1056; x_wconf 89' lang='lat' dir='ltr'><strong>potuit</strong></span> <span class='ocrx_word' id='word_1_36' title='bbox 293 992 358 1037; x_wconf 91' lang='lat' dir='ltr'><strong>uon</strong></span> <span class='ocrx_word' id='word_1_37' title='bbox 380 972 519 1055; x_wconf 77' lang='lat' dir='ltr'><strong>veritus,</strong></span> <span class='ocrx_word' id='word_1_38' title='bbox 542 990 583 1037; x_wconf 92' lang='lat' dir='ltr'><strong>ne</strong></span> <span class='ocrx_word' id='word_1_39' title='bbox 606 990 706 1038; x_wconf 85' lang='lat' dir='ltr'><strong>naves</strong></span> <span class='ocrx_word' id='word_1_40' title='bbox 727 989 806 1037; x_wconf 88' lang='lat' dir='ltr'><strong>suae</strong></span> <span class='ocrx_word' id='word_1_41' title='bbox 832 992 854 1038; x_wconf 90' lang='lat' dir='ltr'><strong>a</strong></span> <span class='ocrx_word' id='word_1_42' title='bbox 875 971 1142 1039; x_wconf 86' lang='lat' dir='ltr'><strong>Lacedaemoniis</strong></span> <span class='ocrx_word' id='word_1_43' title='bbox 1172 991 1325 1055; x_wconf 88' lang='lat' dir='ltr'><strong>caperen-</strong></span> 
     </span>
     <span class='ocr_line' id='line_1_7' title="bbox 168 1073 1001 1158; baseline -0.002 -18"><span class='ocrx_word' id='word_1_44' title='bbox 168 1079 227 1158; x_wconf 86' lang='lat' dir='ltr'><strong>tur,</strong></span> <span class='ocrx_word' id='word_1_45' title='bbox 251 1073 338 1157; x_wconf 92' lang='lat' dir='ltr'><strong>quod</strong></span> <span class='ocrx_word' id='word_1_46' title='bbox 360 1073 500 1140; x_wconf 87' lang='lat' dir='ltr'><strong>maiores</strong></span> <span class='ocrx_word' id='word_1_47' title='bbox 522 1079 554 1139; x_wconf 90' lang='lat' dir='ltr'><strong>et</strong></span> <span class='ocrx_word' id='word_1_48' title='bbox 576 1074 685 1156; x_wconf 88' lang='lat' dir='ltr'><strong>plnres</strong></span> <span class='ocrx_word' id='word_1_49' title='bbox 707 1079 824 1139; x_wconf 90' lang='lat' dir='ltr'><strong>essent.</strong></span> <span class='ocrx_word' id='word_1_50' title='bbox 998 1149 1001 1156; x_wconf 28' lang='lat'><strong>¹</strong></span> 
     </span>
    </p>

    <p class='ocr_par' dir='ltr' id='par_1_3' title="bbox 167 1173 1329 3074">
     <span class='ocr_line' id='line_1_8' title="bbox 253 1173 1324 1260; baseline 0.001 -20"><span class='ocrx_word' id='word_1_51' title='bbox 253 1173 379 1254; x_wconf 81' lang='lat' dir='ltr'><strong>Quibus</strong></span> <span class='ocrx_word' id='word_1_52' title='bbox 402 1175 548 1260; x_wconf 88' lang='lat' dir='ltr'><strong>probatis</strong></span> <span class='ocrx_word' id='word_1_53' title='bbox 575 1195 638 1241; x_wconf 91' lang='lat' dir='ltr'><strong>non</strong></span> <span class='ocrx_word' id='word_1_54' title='bbox 668 1194 750 1258; x_wconf 90' lang='lat' dir='ltr'><strong>opus</strong></span> <span class='ocrx_word' id='word_1_55' title='bbox 779 1182 828 1242; x_wconf 84' lang='lat' dir='ltr'><strong>est</strong></span> <span class='ocrx_word' id='word_1_56' title='bbox 856 1176 1040 1242; x_wconf 86' lang='lat' dir='ltr'><strong>coniectura</strong></span> <span class='ocrx_word' id='word_1_57' title='bbox 1068 1175 1222 1258; x_wconf 84' lang='lat' dir='ltr'><strong>colligere</strong></span> <span class='ocrx_word' id='word_1_58' title='bbox 1251 1194 1324 1242; x_wconf 90' lang='lat' dir='ltr'><strong>eum</strong></span> 
     </span>
     <span class='ocr_line' id='line_1_9' title="bbox 167 1276 1326 1360; baseline 0 -18"><span class='ocrx_word' id='word_1_59' title='bbox 167 1277 209 1342; x_wconf 87' lang='lat' dir='ltr'><strong>ub</strong></span> <span class='ocrx_word' id='word_1_60' title='bbox 231 1276 351 1358; x_wconf 74' lang='lat' dir='ltr'><strong>dariis¹</strong></span> <span class='ocrx_word' id='word_1_61' title='bbox 367 1276 498 1343; x_wconf 89' lang='lat' dir='ltr'><strong>domum</strong></span> <span class='ocrx_word' id='word_1_62' title='bbox 526 1296 690 1344; x_wconf 84' lang='lat' dir='ltr'><strong>reversum</strong></span> <span class='ocrx_word' id='word_1_63' title='bbox 720 1276 867 1343; x_wconf 86' lang='lat' dir='ltr'><strong>omnibus</strong></span> <span class='ocrx_word' id='word_1_64' title='bbox 896 1277 999 1360; x_wconf 88' lang='lat' dir='ltr'><strong>copiis</strong></span> <span class='ocrx_word' id='word_1_65' title='bbox 1027 1277 1142 1342; x_wconf 89' lang='lat' dir='ltr'><strong>iterum</strong></span> <span class='ocrx_word' id='word_1_66' title='bbox 1170 1278 1203 1344; x_wconf 93' lang='lat' dir='ltr'><strong>in</strong></span> <span class='ocrx_word' id='word_1_67' title='bbox 1225 1277 1326 1346; x_wconf 87' lang='lat' dir='ltr'><strong>Laco-</strong></span> 
     </span>
     <span class='ocr_line' id='line_1_10' title="bbox 167 1376 1326 1463; baseline -0.002 -19"><span class='ocrx_word' id='word_1_68' title='bbox 167 1379 255 1444; x_wconf 88' lang='lat' dir='ltr'><strong>niam</strong></span> <span class='ocrx_word' id='word_1_69' title='bbox 278 1378 448 1462; x_wconf 78' lang='lat' dir='ltr'><strong>invasisse,</strong></span> <span class='ocrx_word' id='word_1_70' title='bbox 472 1383 507 1442; x_wconf 92' lang='lat' dir='ltr'><strong>ut</strong></span> <span class='ocrx_word' id='word_1_71' title='bbox 528 1377 656 1445; x_wconf 85' lang='lat' dir='ltr'><strong>Mauso:</strong></span> <span class='ocrx_word' id='word_1_72' title='bbox 680 1376 798 1463; x_wconf 87' lang='lat' dir='ltr'><strong>Sparta</strong></span> <span class='ocrx_word' id='word_1_73' title='bbox 818 1378 875 1444; x_wconf 83' lang='lat'>111.</span> <span class='ocrx_word' id='word_1_74' title='bbox 903 1383 929 1443; x_wconf 90' lang='lat'><strong>1.</strong></span> <span class='ocrx_word' id='word_1_75' title='bbox 952 1399 984 1462; x_wconf 90' lang='lat' dir='ltr'><strong>p.</strong></span> <span class='ocrx_word' id='word_1_76' title='bbox 1001 1383 1081 1461; x_wconf 81' lang='lat'><strong>401,</strong></span> <span class='ocrx_word' id='word_1_77' title='bbox 1105 1378 1218 1460; x_wconf 90' lang='lat' dir='ltr'><strong>Rnehl,</strong></span> <span class='ocrx_word' id='word_1_78' title='bbox 1241 1397 1273 1460; x_wconf 93' lang='lat' dir='ltr'><strong>p.</strong></span> <span class='ocrx_word' id='word_1_79' title='bbox 1285 1379 1326 1442; x_wconf 89' lang='grc'><strong>36</strong></span> 
     </span>
     <span class='ocr_line' id='line_1_11' title="bbox 168 1478 1326 1566; baseline 0.002 -20"><span class='ocrx_word' id='word_1_80' title='bbox 168 1479 292 1562; x_wconf 88' lang='lat' dir='ltr'><strong>aliique</strong></span> <span class='ocrx_word' id='word_1_81' title='bbox 313 1479 461 1545; x_wconf 90' lang='lat' dir='ltr'><strong>arbitrati</strong></span> <span class='ocrx_word' id='word_1_82' title='bbox 483 1486 566 1562; x_wconf 86' lang='lat' dir='ltr'><strong>sunt,</strong></span> <span class='ocrx_word' id='word_1_83' title='bbox 591 1499 785 1563; x_wconf 89' lang='lat' dir='ltr'><strong>quamquam</strong></span> <span class='ocrx_word' id='word_1_84' title='bbox 808 1480 850 1546; x_wconf 92' lang='lat' dir='ltr'><strong>de</strong></span> <span class='ocrx_word' id='word_1_85' title='bbox 873 1479 924 1545; x_wconf 89' lang='lat' dir='ltr'><strong>his</strong></span> <span class='ocrx_word' id='word_1_86' title='bbox 945 1478 1027 1546; x_wconf 94' lang='lat' dir='ltr'><strong>nihil</strong></span> <span class='ocrx_word' id='word_1_87' title='bbox 1048 1480 1138 1562; x_wconf 85' lang='lat' dir='ltr'><strong>apud</strong></span> <span class='ocrx_word' id='word_1_88' title='bbox 1153 1482 1326 1566; x_wconf 89' lang='lat' dir='ltr'><strong>scriptores</strong></span> 
     </span>
     <span class='ocr_line' id='line_1_12' title="bbox 167 1573 1326 1667; baseline 0.001 -21"><span class='ocrx_word' id='word_1_89' title='bbox 167 1580 340 1646; x_wconf 85' lang='lat' dir='ltr'><strong>invenitur.</strong></span> <span class='ocrx_word' id='word_1_90' title='bbox 380 1581 461 1648; x_wconf 87' lang='lat' dir='ltr'><strong>hlam</strong></span> <span class='ocrx_word' id='word_1_91' title='bbox 482 1573 555 1647; x_wconf 89' lang='lat' dir='ltr'><strong>‘ita</strong></span> <span class='ocrx_word' id='word_1_92' title='bbox 576 1582 783 1667; x_wconf 88' lang='lat' dir='ltr'><strong>perculsis</strong></span> <span class='ocrx_word' id='word_1_93' title='bbox 806 1579 995 1648; x_wconf 85' lang='lat' dir='ltr'><strong>hostibus</strong></span> <span class='ocrx_word' id='word_1_94' title='bbox 1011 1581 1326 1666; x_wconf 80' lang='lat' dir='ltr'><strong>Philopoemen,</strong></span> 
     </span>
     <span class='ocr_line' id='line_1_13' title="bbox 169 1683 1328 1768; baseline 0 -18"><span class='ocrx_word' id='word_1_95' title='bbox 169 1683 216 1750; x_wconf 85' lang='lat' dir='ltr'><strong>ait</strong></span> <span class='ocrx_word' id='word_1_96' title='bbox 238 1683 352 1748; x_wconf 80' lang='lat' dir='ltr'><strong>Livius</strong></span> <span class='ocrx_word' id='word_1_97' title='bbox 373 1704 400 1748; x_wconf 92' lang='lat' dir='ltr'><strong>c.</strong></span> <span class='ocrx_word' id='word_1_98' title='bbox 419 1685 470 1747; x_wconf 81' lang='lat'><strong>27.</strong></span> <span class='ocrx_word' id='word_1_99' title='bbox 486 1686 576 1765; x_wconf 84' lang='lat' dir='ltr'><strong>9sq.,</strong></span> <span class='ocrx_word' id='word_1_100' title='bbox 601 1684 786 1767; x_wconf 85' lang='lat' dir='ltr'><strong>protinus</strong></span> <span class='ocrx_word' id='word_1_101' title='bbox 809 1683 859 1748; x_wconf 89' lang='lat' dir='ltr'><strong>ad</strong></span> <span class='ocrx_word' id='word_1_102' title='bbox 881 1683 1214 1768; x_wconf 85' lang='lat' dir='ltr'><strong>depopulandam</strong></span> <span class='ocrx_word' id='word_1_103' title='bbox 1237 1683 1328 1750; x_wconf 81' lang='lat' dir='ltr'><strong>Tri·</strong></span> 
     </span>
     <span class='ocr_line' id='line_1_14' title="bbox 168 1784 1327 1868; baseline 0.001 -18"><span class='ocrx_word' id='word_1_104' title='bbox 168 1784 297 1868; x_wconf 89' lang='lat' dir='ltr'><strong>polim</strong></span> <span class='ocrx_word' id='word_1_105' title='bbox 320 1785 516 1852; x_wconf 86' lang='lat' dir='ltr'><strong>Laconici</strong></span> <span class='ocrx_word' id='word_1_106' title='bbox 539 1785 644 1868; x_wconf 88' lang='lat' dir='ltr'><strong>agri,</strong></span> <span class='ocrx_word' id='word_1_107' title='bbox 675 1784 742 1866; x_wconf 88' lang='lat' dir='ltr'><strong>qui</strong></span> <span class='ocrx_word' id='word_1_108' title='bbox 765 1787 970 1866; x_wconf 82' lang='lat' dir='ltr'><strong>proximus</strong></span> <span class='ocrx_word' id='word_1_109' title='bbox 999 1786 1123 1853; x_wconf 87' lang='lat' dir='ltr'><strong>finem</strong></span> <span class='ocrx_word' id='word_1_110' title='bbox 1145 1786 1327 1868; x_wconf 87' lang='lat' dir='ltr'><strong>Megalo·</strong></span> 
     </span>
     <span class='ocr_line' id='line_1_15' title="bbox 168 1887 1328 1972; baseline 0.003 -22"><span class='ocrx_word' id='word_1_111' title='bbox 168 1888 390 1969; x_wconf 82' lang='lat' dir='ltr'><strong>politanum</strong></span> <span class='ocrx_word' id='word_1_112' title='bbox 431 1893 507 1968; x_wconf 89' lang='lat' dir='ltr'><strong>est,</strong></span> <span class='ocrx_word' id='word_1_113' title='bbox 552 1887 670 1952; x_wconf 85' lang='lat' dir='ltr'><strong>duxit</strong></span> <span class='ocrx_word' id='word_1_114' title='bbox 707 1891 746 1951; x_wconf 91' lang='lat' dir='ltr'><strong>et</strong></span> <span class='ocrx_word' id='word_1_115' title='bbox 782 1906 921 1970; x_wconf 88' lang='lat' dir='ltr'><strong>magna</strong></span> <span class='ocrx_word' id='word_1_116' title='bbox 957 1889 996 1952; x_wconf 89' lang='lat' dir='ltr'><strong>vi</strong></span> <span class='ocrx_word' id='word_1_117' title='bbox 1034 1907 1223 1972; x_wconf 90' lang='lat' dir='ltr'><strong>pecorum</strong></span> <span class='ocrx_word' id='word_1_118' title='bbox 1261 1887 1328 1954; x_wconf 93' lang='lat' dir='ltr'><strong>ho·</strong></span> 
     </span>
     <span class='ocr_line' id='line_1_16' title="bbox 169 1986 1327 2071; baseline 0.003 -19"><span class='ocrx_word' id='word_1_119' title='bbox 169 1987 399 2070; x_wconf 89' lang='lat' dir='ltr'><strong>minumque</strong></span> <span class='ocrx_word' id='word_1_120' title='bbox 445 1986 543 2053; x_wconf 91' lang='lat' dir='ltr'><strong>inde</strong></span> <span class='ocrx_word' id='word_1_121' title='bbox 590 1989 776 2070; x_wconf 82' lang='lat' dir='ltr'><strong>abrepta,</strong></span> <span class='ocrx_word' id='word_1_122' title='bbox 821 1989 1059 2071; x_wconf 83' lang='lat' dir='ltr'><strong>priusquam</strong></span> <span class='ocrx_word' id='word_1_123' title='bbox 1104 2011 1124 2054; x_wconf 95' lang='lat' dir='ltr'><strong>a</strong></span> <span class='ocrx_word' id='word_1_124' title='bbox 1168 1989 1327 2071; x_wconf 81' lang='lat' dir='ltr'><strong>Gytheo</strong></span> 
     </span>
     <span class='ocr_line' id='line_1_17' title="bbox 169 2082 1327 2174; baseline 0.003 -22"><span class='ocrx_word' id='word_1_125' title='bbox 169 2095 369 2171; x_wconf 85' lang='lat' dir='ltr'><strong>tyrannus</strong></span> <span class='ocrx_word' id='word_1_126' title='bbox 411 2089 667 2172; x_wconf 90' lang='lat' dir='ltr'><strong>praesidium</strong></span> <span class='ocrx_word' id='word_1_127' title='bbox 709 2090 820 2172; x_wconf 89' lang='lat' dir='ltr'><strong>agris</strong></span> <span class='ocrx_word' id='word_1_128' title='bbox 864 2091 1063 2174; x_wconf 88' lang='lat' dir='ltr'><strong>mitteret,</strong></span> <span class='ocrx_word' id='word_1_129' title='bbox 1107 2082 1327 2156; x_wconf 65' lang='lat' dir='ltr'><strong>discessit?</strong></span> 
     </span>
     <span class='ocr_line' id='line_1_18' title="bbox 171 2188 1328 2275; baseline 0.003 -21"><span class='ocrx_word' id='word_1_130' title='bbox 171 2188 267 2260; x_wconf 76' lang='lat' dir='ltr'><strong>Patet</strong></span> <span class='ocrx_word' id='word_1_131' title='bbox 289 2191 387 2272; x_wconf 83' lang='lat' dir='ltr'><strong>igitur</strong></span> <span class='ocrx_word' id='word_1_132' title='bbox 417 2210 489 2257; x_wconf 90' lang='lat' dir='ltr'><strong>eum</strong></span> <span class='ocrx_word' id='word_1_133' title='bbox 519 2212 540 2255; x_wconf 88' lang='lat' dir='ltr'><strong>a</strong></span> <span class='ocrx_word' id='word_1_134' title='bbox 562 2192 661 2258; x_wconf 91' lang='lat' dir='ltr'><strong>Pleiis</strong></span> <span class='ocrx_word' id='word_1_135' title='bbox 689 2193 722 2256; x_wconf 93' lang='lat' dir='ltr'><strong>in</strong></span> <span class='ocrx_word' id='word_1_136' title='bbox 745 2191 919 2258; x_wconf 89' lang='lat' dir='ltr'><strong>Laconiam</strong></span> <span class='ocrx_word' id='word_1_137' title='bbox 952 2207 1157 2275; x_wconf 87' lang='lat' dir='ltr'><strong>progressum</strong></span> <span class='ocrx_word' id='word_1_138' title='bbox 1186 2211 1257 2259; x_wconf 90' lang='lat' dir='ltr'><strong>esse</strong></span> <span class='ocrx_word' id='word_1_139' title='bbox 1286 2190 1328 2257; x_wconf 90' lang='lat' dir='ltr'><strong>ad</strong></span> 
     </span>
     <span class='ocr_line' id='line_1_19' title="bbox 168 2291 1327 2378; baseline -0.003 -16"><span class='ocrx_word' id='word_1_140' title='bbox 168 2295 283 2362; x_wconf 85' lang='lat' dir='ltr'><strong>Aoniae</strong></span> <span class='ocrx_word' id='word_1_141' title='bbox 304 2294 441 2359; x_wconf 84' lang='lat' dir='ltr'><strong>navibus</strong></span> <span class='ocrx_word' id='word_1_142' title='bbox 457 2291 500 2358; x_wconf 91' lang='lat' dir='ltr'><strong>ad</strong></span> <span class='ocrx_word' id='word_1_143' title='bbox 514 2311 649 2358; x_wconf 76' lang='lat' dir='ltr'><strong>sueones</strong></span> <span class='ocrx_word' id='word_1_144' title='bbox 665 2292 826 2378; x_wconf 79' lang='lat' dir='ltr'><strong>deligatis,</strong></span> <span class='ocrx_word' id='word_1_145' title='bbox 850 2295 966 2376; x_wconf 89' lang='lat' dir='ltr'><strong>quibus</strong></span> <span class='ocrx_word' id='word_1_146' title='bbox 981 2293 1084 2359; x_wconf 87' lang='lat' dir='ltr'><strong>Nabis</strong></span> <span class='ocrx_word' id='word_1_147' title='bbox 1106 2293 1149 2360; x_wconf 92' lang='lat' dir='ltr'><strong>ad</strong></span> <span class='ocrx_word' id='word_1_148' title='bbox 1164 2292 1327 2378; x_wconf 82' lang='lat' dir='ltr'><strong>Gytheum</strong></span> 
     </span>
     <span class='ocr_line' id='line_1_20' title="bbox 170 2392 1327 2478; baseline -0.003 -17"><span class='ocrx_word' id='word_1_149' title='bbox 170 2402 314 2462; x_wconf 86' lang='lat' dir='ltr'><strong>retentus</strong></span> <span class='ocrx_word' id='word_1_150' title='bbox 337 2392 519 2478; x_wconf 87' lang='lat' dir='ltr'><strong>prohibitus</strong></span> <span class='ocrx_word' id='word_1_151' title='bbox 548 2400 612 2478; x_wconf 88' lang='lat' dir='ltr'><strong>est,</strong></span> <span class='ocrx_word' id='word_1_152' title='bbox 642 2395 811 2477; x_wconf 90' lang='lat' dir='ltr'><strong>quominus</strong></span> <span class='ocrx_word' id='word_1_153' title='bbox 835 2395 983 2462; x_wconf 87' lang='lat' dir='ltr'><strong>Achaeos</strong></span> <span class='ocrx_word' id='word_1_154' title='bbox 1013 2415 1031 2460; x_wconf 90' lang='lat' dir='ltr'><strong>e</strong></span> <span class='ocrx_word' id='word_1_155' title='bbox 1054 2396 1217 2462; x_wconf 87' lang='lat' dir='ltr'><strong>Laconum</strong></span> <span class='ocrx_word' id='word_1_156' title='bbox 1240 2394 1327 2476; x_wconf 90' lang='lat' dir='ltr'><strong>agris</strong></span> 
     </span>
     <span class='ocr_line' id='line_1_21' title="bbox 171 2495 1325 2580; baseline -0.001 -17"><span class='ocrx_word' id='word_1_157' title='bbox 171 2496 359 2579; x_wconf 86' lang='lat' dir='ltr'><strong>depelleret.</strong></span> <span class='ocrx_word' id='word_1_158' title='bbox 403 2495 652 2580; x_wconf 82' lang='lat' dir='ltr'><strong>Expeditionem</strong></span> <span class='ocrx_word' id='word_1_159' title='bbox 680 2503 787 2563; x_wconf 88' lang='lat' dir='ltr'><strong>autem</strong></span> <span class='ocrx_word' id='word_1_160' title='bbox 816 2498 904 2562; x_wconf 88' lang='lat' dir='ltr'><strong>illam</strong></span> <span class='ocrx_word' id='word_1_161' title='bbox 936 2497 1022 2568; x_wconf 89' lang='lat' dir='ltr'><strong>haud</strong></span> <span class='ocrx_word' id='word_1_162' title='bbox 1052 2499 1119 2565; x_wconf 85' lang='lat' dir='ltr'><strong>ecio</strong></span> <span class='ocrx_word' id='word_1_163' title='bbox 1148 2517 1190 2562; x_wconf 91' lang='lat' dir='ltr'><strong>an</strong></span> <span class='ocrx_word' id='word_1_164' title='bbox 1219 2495 1325 2562; x_wconf 91' lang='lat' dir='ltr'><strong>Philo·</strong></span> 
     </span>
     <span class='ocr_line' id='line_1_22' title="bbox 170 2598 1326 2683; baseline 0 -19"><span class='ocrx_word' id='word_1_165' title='bbox 170 2617 309 2683; x_wconf 90' lang='lat' dir='ltr'><strong>poemen</strong></span> <span class='ocrx_word' id='word_1_166' title='bbox 331 2598 510 2682; x_wconf 79' lang='lat' dir='ltr'><strong>susceperit</strong></span> <span class='ocrx_word' id='word_1_167' title='bbox 538 2598 572 2663; x_wconf 91' lang='lat' dir='ltr'><strong>id</strong></span> <span class='ocrx_word' id='word_1_168' title='bbox 595 2617 705 2682; x_wconf 86' lang='lat' dir='ltr'><strong>agens,</strong></span> <span class='ocrx_word' id='word_1_169' title='bbox 728 2608 763 2664; x_wconf 87' lang='lat' dir='ltr'><strong>ut</strong></span> <span class='ocrx_word' id='word_1_170' title='bbox 784 2599 912 2666; x_wconf 79' lang='lat' dir='ltr'><strong>Nabide</strong></span> <span class='ocrx_word' id='word_1_171' title='bbox 935 2621 955 2672; x_wconf 87' lang='lat' dir='ltr'><strong>a</strong></span> <span class='ocrx_word' id='word_1_172' title='bbox 977 2600 1107 2682; x_wconf 89' lang='lat' dir='ltr'><strong>Gytheo</strong></span> <span class='ocrx_word' id='word_1_173' title='bbox 1117 2599 1140 2682; x_wconf 91' lang='lat'><strong>¹)</strong></span> <span class='ocrx_word' id='word_1_174' title='bbox 1168 2598 1211 2665; x_wconf 90' lang='lat' dir='ltr'><strong>ad</strong></span> <span class='ocrx_word' id='word_1_175' title='bbox 1240 2607 1326 2666; x_wconf 89' lang='lat' dir='ltr'><strong>tuen·</strong></span> 
     </span>
     <span class='ocr_line' id='line_1_23' title="bbox 173 2700 1327 2785; baseline 0 -18"><span class='ocrx_word' id='word_1_176' title='bbox 173 2701 232 2767; x_wconf 90' lang='lat' dir='ltr'><strong>dos</strong></span> <span class='ocrx_word' id='word_1_177' title='bbox 255 2721 351 2783; x_wconf 87' lang='lat' dir='ltr'><strong>agros</strong></span> <span class='ocrx_word' id='word_1_178' title='bbox 373 2707 510 2766; x_wconf 85' lang='lat' dir='ltr'><strong>avocato</strong></span> <span class='ocrx_word' id='word_1_179' title='bbox 535 2700 689 2782; x_wconf 88' lang='lat' dir='ltr'><strong>oppidum</strong></span> <span class='ocrx_word' id='word_1_180' title='bbox 704 2719 763 2783; x_wconf 92' lang='lat' dir='ltr'><strong>per</strong></span> <span class='ocrx_word' id='word_1_181' title='bbox 777 2701 908 2766; x_wconf 89' lang='lat' dir='ltr'><strong>navium</strong></span> <span class='ocrx_word' id='word_1_182' title='bbox 932 2709 1189 2785; x_wconf 79' lang='lat' dir='ltr'><strong>propugnatores</strong></span> <span class='ocrx_word' id='word_1_183' title='bbox 1212 2702 1327 2768; x_wconf 90' lang='lat' dir='ltr'><strong>libera·</strong></span> 
     </span>
     <span class='ocr_line' id='line_1_24' title="bbox 171 2791 1329 2886; baseline -0.002 -17"><span class='ocrx_word' id='word_1_184' title='bbox 171 2810 267 2869; x_wconf 89' lang='lat' dir='ltr'><strong>retur.</strong></span> <span class='ocrx_word' id='word_1_185' title='bbox 313 2801 380 2869; x_wconf 86' lang='lat' dir='ltr'><strong>Sed</strong></span> <span class='ocrx_word' id='word_1_186' title='bbox 404 2821 475 2869; x_wconf 85' lang='lat' dir='ltr'><strong>cum</strong></span> <span class='ocrx_word' id='word_1_187' title='bbox 498 2807 653 2883; x_wconf 84' lang='lat' dir='ltr'><strong>tyrannus</strong></span> <span class='ocrx_word' id='word_1_188' title='bbox 675 2791 717 2868; x_wconf 86' lang='lat' dir='ltr'><strong>ad</strong></span> <span class='ocrx_word' id='word_1_189' title='bbox 740 2801 901 2885; x_wconf 83' lang='lat' dir='ltr'><strong>Gytheum</strong></span> <span class='ocrx_word' id='word_1_190' title='bbox 931 2806 1138 2871; x_wconf 86' lang='lat' dir='ltr'><strong>remansisset</strong></span> <span class='ocrx_word' id='word_1_191' title='bbox 1160 2804 1192 2868; x_wconf 88' lang='lat' dir='ltr'><strong>in</strong></span> <span class='ocrx_word' id='word_1_192' title='bbox 1216 2803 1329 2886; x_wconf 91' lang='lat' dir='ltr'><strong>oppidi</strong></span> 
     </span>
     <span class='ocr_line' id='line_1_25' title="bbox 172 2902 1328 2989; baseline -0.002 -19"><span class='ocrx_word' id='word_1_193' title='bbox 172 2906 413 2989; x_wconf 85' lang='lat' dir='ltr'><strong>oppugnatione</strong></span> <span class='ocrx_word' id='word_1_194' title='bbox 428 2922 651 2986; x_wconf 86' lang='lat' dir='ltr'><strong>perseverans,</strong></span> <span class='ocrx_word' id='word_1_195' title='bbox 675 2902 908 2985; x_wconf 85' lang='lat' dir='ltr'><strong>Philopoemen</strong></span> <span class='ocrx_word' id='word_1_196' title='bbox 925 2905 1065 2970; x_wconf 89' lang='lat' dir='ltr'><strong>mediam</strong></span> <span class='ocrx_word' id='word_1_197' title='bbox 1081 2925 1140 2988; x_wconf 89' lang='lat' dir='ltr'><strong>per</strong></span> <span class='ocrx_word' id='word_1_198' title='bbox 1155 2905 1328 2970; x_wconf 88' lang='lat' dir='ltr'><strong>Laconiam</strong></span> 
     </span>
     <span class='ocr_line' id='line_1_26' title="bbox 174 3006 553 3074; baseline -0.008 -1"><span class='ocrx_word' id='word_1_199' title='bbox 174 3007 304 3074; x_wconf 89' lang='lat' dir='ltr'><strong>domum</strong></span> <span class='ocrx_word' id='word_1_200' title='bbox 327 3024 363 3072; x_wconf 86' lang='lat' dir='ltr'><strong>ee</strong></span> <span class='ocrx_word' id='word_1_201' title='bbox 385 3006 553 3072; x_wconf 84' lang='lat' dir='ltr'><strong>convertit.</strong></span> 
     </span>
    </p>

    <p class='ocr_par' dir='ltr' id='par_1_4' title="bbox 173 3106 1330 3599">
     <span class='ocr_line' id='line_1_27' title="bbox 258 3106 1329 3191; baseline -0.002 -17"><span class='ocrx_word' id='word_1_202' title='bbox 258 3106 351 3185; x_wconf 83' lang='lat' dir='ltr'><strong>Quae</strong></span> <span class='ocrx_word' id='word_1_203' title='bbox 372 3127 445 3173; x_wconf 89' lang='lat' dir='ltr'><strong>cum</strong></span> <span class='ocrx_word' id='word_1_204' title='bbox 467 3108 513 3172; x_wconf 89' lang='lat' dir='ltr'><strong>ita</strong></span> <span class='ocrx_word' id='word_1_205' title='bbox 534 3107 612 3188; x_wconf 89' lang='lat' dir='ltr'><strong>sint,</strong></span> <span class='ocrx_word' id='word_1_206' title='bbox 642 3127 705 3174; x_wconf 92' lang='lat' dir='ltr'><strong>nou</strong></span> <span class='ocrx_word' id='word_1_207' title='bbox 729 3108 942 3191; x_wconf 82' lang='lat' dir='ltr'><strong>improbabile</strong></span> <span class='ocrx_word' id='word_1_208' title='bbox 970 3127 1042 3184; x_wconf 86' lang='lat' dir='ltr'><strong>esse</strong></span> <span class='ocrx_word' id='word_1_209' title='bbox 1072 3108 1169 3175; x_wconf 89' lang='lat' dir='ltr'><strong>credo</strong></span> <span class='ocrx_word' id='word_1_210' title='bbox 1193 3109 1329 3174; x_wconf 86' lang='lat' dir='ltr'><strong>classem</strong></span> 
     </span>
     <span class='ocr_line' id='line_1_28' title="bbox 173 3209 1330 3294; baseline 0 -18"><span class='ocrx_word' id='word_1_211' title='bbox 173 3209 317 3278; x_wconf 82' lang='lat' dir='ltr'><strong>adfuisse</strong></span> <span class='ocrx_word' id='word_1_212' title='bbox 348 3209 404 3275; x_wconf 94' lang='lat' dir='ltr'><strong>illo</strong></span> <span class='ocrx_word' id='word_1_213' title='bbox 434 3217 581 3293; x_wconf 90' lang='lat' dir='ltr'><strong>tempore</strong></span> <span class='ocrx_word' id='word_1_214' title='bbox 603 3209 644 3274; x_wconf 90' lang='lat' dir='ltr'><strong>ad</strong></span> <span class='ocrx_word' id='word_1_215' title='bbox 669 3209 925 3292; x_wconf 86' lang='lat' dir='ltr'><strong>Peloponnesum</strong></span> <span class='ocrx_word' id='word_1_216' title='bbox 955 3212 1156 3294; x_wconf 90' lang='lat' dir='ltr'><strong>eandemque</strong></span> <span class='ocrx_word' id='word_1_217' title='bbox 1177 3211 1330 3294; x_wconf 85' lang='lat' dir='ltr'><strong>Eumenis</strong></span> 
     </span>
     <span class='ocr_line' id='line_1_29' title="bbox 175 3311 1330 3397; baseline 0.001 -21"><span class='ocrx_word' id='word_1_218' title='bbox 175 3315 273 3396; x_wconf 85' lang='lat' dir='ltr'><strong>regis,</strong></span> <span class='ocrx_word' id='word_1_219' title='bbox 296 3313 386 3380; x_wconf 88' lang='lat' dir='ltr'><strong>cuius</strong></span> <span class='ocrx_word' id='word_1_220' title='bbox 409 3313 529 3380; x_wconf 87' lang='lat' dir='ltr'><strong>milites</strong></span> <span class='ocrx_word' id='word_1_221' title='bbox 553 3331 624 3378; x_wconf 87' lang='lat' dir='ltr'><strong>cunr</strong></span> <span class='ocrx_word' id='word_1_222' title='bbox 648 3311 776 3378; x_wconf 88' lang='lat' dir='ltr'><strong>Nabide</strong></span> <span class='ocrx_word' id='word_1_223' title='bbox 799 3312 1005 3381; x_wconf 87' lang='lat' dir='ltr'><strong>dimicavisse</strong></span> <span class='ocrx_word' id='word_1_224' title='bbox 1028 3315 1122 3380; x_wconf 85' lang='lat' dir='ltr'><strong>titulo</strong></span> <span class='ocrx_word' id='word_1_225' title='bbox 1146 3333 1243 3397; x_wconf 90' lang='lat' dir='ltr'><strong>supra</strong></span> <span class='ocrx_word' id='word_1_226' title='bbox 1264 3314 1330 3378; x_wconf 90' lang='lat' dir='ltr'><strong>lau·</strong></span> 
     </span>
     <span class='ocr_line' id='line_1_30' title="bbox 174 3415 1329 3498; baseline -0.001 -18"><span class='ocrx_word' id='word_1_227' title='bbox 174 3415 249 3480; x_wconf 90' lang='lat' dir='ltr'><strong>dato</strong></span> <span class='ocrx_word' id='word_1_228' title='bbox 280 3416 521 3498; x_wconf 87' lang='lat' dir='ltr'><strong>comprobatur:</strong></span> <span class='ocrx_word' id='word_1_229' title='bbox 550 3434 624 3479; x_wconf 90' lang='lat' dir='ltr'><strong>nam</strong></span> <span class='ocrx_word' id='word_1_230' title='bbox 649 3415 862 3480; x_wconf 86' lang='lat' dir='ltr'><strong>Romanorum</strong></span> <span class='ocrx_word' id='word_1_231' title='bbox 889 3433 993 3483; x_wconf 86' lang='lat' dir='ltr'><strong>naves</strong></span> <span class='ocrx_word' id='word_1_232' title='bbox 1023 3422 1105 3482; x_wconf 88' lang='lat' dir='ltr'><strong>teste</strong></span> <span class='ocrx_word' id='word_1_233' title='bbox 1128 3417 1222 3480; x_wconf 86' lang='lat' dir='ltr'><strong>Livio</strong></span> <span class='ocrx_word' id='word_1_234' title='bbox 1251 3435 1329 3480; x_wconf 91' lang='lat' dir='ltr'><strong>non·</strong></span> 
     </span>
     <span class='ocr_line' id='line_1_31' title="bbox 174 3515 746 3599; baseline 0.003 -18"><span class='ocrx_word' id='word_1_235' title='bbox 174 3515 249 3581; x_wconf 88' lang='lat' dir='ltr'><strong>duur</strong></span> <span class='ocrx_word' id='word_1_236' title='bbox 273 3516 307 3581; x_wconf 91' lang='lat' dir='ltr'><strong>in</strong></span> <span class='ocrx_word' id='word_1_237' title='bbox 328 3515 500 3584; x_wconf 88' lang='lat' dir='ltr'><strong>Graeciam</strong></span> <span class='ocrx_word' id='word_1_238' title='bbox 523 3523 746 3599; x_wconf 85' lang='lat' dir='ltr'><strong>pervenerant.</strong></span> 
     </span>
    </p>

    <p class='ocr_par' dir='ltr' id='par_1_5' title="bbox 175 3617 1332 3906">
     <span class='ocr_line' id='line_1_32' title="bbox 260 3617 1331 3702; baseline 0 -20"><span class='ocrx_word' id='word_1_239' title='bbox 260 3617 339 3684; x_wconf 86' lang='lat' dir='ltr'><strong>Post</strong></span> <span class='ocrx_word' id='word_1_240' title='bbox 381 3619 541 3702; x_wconf 88' lang='lat' dir='ltr'><strong>praetoris</strong></span> <span class='ocrx_word' id='word_1_241' title='bbox 584 3618 721 3685; x_wconf 89' lang='lat' dir='ltr'><strong>reditum</strong></span> <span class='ocrx_word' id='word_1_242' title='bbox 765 3619 909 3684; x_wconf 86' lang='lat' dir='ltr'><strong>exercitu</strong></span> <span class='ocrx_word' id='word_1_243' title='bbox 951 3626 1116 3686; x_wconf 85' lang='lat' dir='ltr'><strong>contracto</strong></span> <span class='ocrx_word' id='word_1_244' title='bbox 1161 3619 1331 3684; x_wconf 90' lang='lat' dir='ltr'><strong>concilium</strong></span> 
     </span>
     <span class='ocr_line' id='line_1_33' title="bbox 175 3717 1332 3804; baseline 0.002 -21"><span class='ocrx_word' id='word_1_245' title='bbox 175 3717 376 3784; x_wconf 85' lang='lat' dir='ltr'><strong>Achaeorum</strong></span> <span class='ocrx_word' id='word_1_246' title='bbox 400 3721 623 3804; x_wconf 86' lang='lat' dir='ltr'><strong>sociorumque</strong></span> <span class='ocrx_word' id='word_1_247' title='bbox 646 3720 776 3802; x_wconf 80' lang='lat' dir='ltr'><strong>Tegeae</strong></span> <span class='ocrx_word' id='word_1_248' title='bbox 800 3718 944 3786; x_wconf 89' lang='lat' dir='ltr'><strong>habitum</strong></span> <span class='ocrx_word' id='word_1_249' title='bbox 968 3727 1032 3798; x_wconf 90' lang='lat' dir='ltr'><strong>est,</strong></span> <span class='ocrx_word' id='word_1_250' title='bbox 1062 3722 1094 3786; x_wconf 91' lang='lat' dir='ltr'><strong>iu</strong></span> <span class='ocrx_word' id='word_1_251' title='bbox 1117 3740 1181 3803; x_wconf 92' lang='lat' dir='ltr'><strong>quo</strong></span> <span class='ocrx_word' id='word_1_252' title='bbox 1204 3728 1332 3804; x_wconf 87' lang='lat' dir='ltr'><strong>praeter</strong></span> 
     </span>
     <span class='ocr_line' id='line_1_34' title="bbox 177 3818 1328 3906; baseline 0.005 -23"><span class='ocrx_word' id='word_1_253' title='bbox 177 3818 325 3902; x_wconf 79' lang='lat' dir='ltr'><strong>Epirotas</strong></span> <span class='ocrx_word' id='word_1_254' title='bbox 335 3822 564 3889; x_wconf 87' lang='lat' dir='ltr'><strong>etAcarnanes</strong></span> <span class='ocrx_word' id='word_1_255' title='bbox 577 3824 675 3888; x_wconf 84' lang='lat' dir='ltr'><strong>etiam</strong></span> <span class='ocrx_word' id='word_1_256' title='bbox 686 3823 768 3891; x_wconf 88' lang='lat' dir='ltr'><strong>alios</strong></span> <span class='ocrx_word' id='word_1_257' title='bbox 783 3823 889 3892; x_wconf 86' lang='lat' dir='ltr'><strong>socios</strong></span> <span class='ocrx_word' id='word_1_258' title='bbox 905 3829 1092 3906; x_wconf 87' lang='lat' dir='ltr'><strong>praesentes</strong></span> <span class='ocrx_word' id='word_1_259' title='bbox 1106 3824 1204 3889; x_wconf 84' lang='lat' dir='ltr'><strong>fuisse</strong></span> <span class='ocrx_word' id='word_1_260' title='bbox 1221 3824 1328 3889; x_wconf 88' lang='lat' dir='ltr'><strong>verbis</strong></span> 
     </span>
    </p>
   </div>
   <div class='ocr_carea' id='block_1_3' title="bbox 176 3971 378 3982">
    <p class='ocr_par' dir='ltr' id='par_1_6' title="bbox 176 3971 378 3982">
     <span class='ocr_line' id='line_1_35' title="bbox 176 3971 378 3982; baseline 0.01 -2"><span class='ocrx_word' id='word_1_261' title='bbox 176 3971 378 3982; x_wconf 78' lang='lat'>———-—-—.</span> 
     </span>
    </p>
   </div>
   <div class='ocr_carea' id='block_1_4' title="bbox 179 4054 1329 4211">
    <p class='ocr_par' dir='ltr' id='par_1_7' title="bbox 179 4054 1329 4211">
     <span class='ocr_line' id='line_1_36' title="bbox 264 4054 1329 4125; baseline 0 -17"><span class='ocrx_word' id='word_1_262' title='bbox 264 4060 287 4118; x_wconf 80' lang='lat'><strong>1)</strong></span> <span class='ocrx_word' id='word_1_263' title='bbox 306 4054 397 4108; x_wconf 83' lang='lat' dir='ltr'><strong>Livius</strong></span> <span class='ocrx_word' id='word_1_264' title='bbox 419 4071 441 4108; x_wconf 87' lang='lat' dir='ltr'><strong>c.</strong></span> <span class='ocrx_word' id='word_1_265' title='bbox 457 4060 499 4110; x_wconf 75' lang='grc'><strong>27.</strong></span> <span class='ocrx_word' id='word_1_266' title='bbox 514 4061 544 4110; x_wconf 78' lang='lat' dir='ltr'><strong>ta</strong></span> <span class='ocrx_word' id='word_1_267' title='bbox 562 4061 657 4125; x_wconf 87' lang='lat' dir='ltr'><strong>aperte</strong></span> <span class='ocrx_word' id='word_1_268' title='bbox 674 4058 740 4111; x_wconf 88' lang='lat' dir='ltr'><strong>dicit</strong></span> <span class='ocrx_word' id='word_1_269' title='bbox 751 4058 876 4112; x_wconf 81' lang='lat' dir='ltr'><strong>Achaeos</strong></span> <span class='ocrx_word' id='word_1_270' title='bbox 889 4057 1040 4111; x_wconf 85' lang='lat' dir='ltr'><strong>decrevisse</strong></span> <span class='ocrx_word' id='word_1_271' title='bbox 1052 4057 1086 4110; x_wconf 88' lang='lat' dir='ltr'><strong>ad</strong></span> <span class='ocrx_word' id='word_1_272' title='bbox 1100 4055 1329 4111; x_wconf 86' lang='lat' dir='ltr'><strong>Lacedaemonem</strong></span> 
     </span>
     <span class='ocr_line' id='line_1_37' title="bbox 179 4139 1218 4211; baseline 0.007 -20"><span class='ocrx_word' id='word_1_273' title='bbox 179 4139 325 4193; x_wconf 81' lang='lat' dir='ltr'><strong>exercitum</strong></span> <span class='ocrx_word' id='word_1_274' title='bbox 343 4141 452 4203; x_wconf 87' lang='lat' dir='ltr'><strong>ducere,</strong></span> <span class='ocrx_word' id='word_1_275' title='bbox 471 4144 503 4194; x_wconf 88' lang='lat' dir='ltr'><strong>ut</strong></span> <span class='ocrx_word' id='word_1_276' title='bbox 519 4141 554 4196; x_wconf 87' lang='lat' dir='ltr'><strong>ab</strong></span> <span class='ocrx_word' id='word_1_277' title='bbox 573 4141 714 4204; x_wconf 86' lang='lat' dir='ltr'><strong>obsidione</strong></span> <span class='ocrx_word' id='word_1_278' title='bbox 730 4142 829 4211; x_wconf 88' lang='lat' dir='ltr'><strong>Gythei</strong></span> <span class='ocrx_word' id='word_1_279' title='bbox 848 4143 939 4198; x_wconf 83' lang='lat' dir='ltr'><strong>hostes</strong></span> <span class='ocrx_word' id='word_1_280' title='bbox 957 4143 1132 4198; x_wconf 87' lang='lat' dir='ltr'><strong>abducerent.</strong></span> <span class='ocrx_word' id='word_1_281' title='bbox 1215 4201 1218 4206; x_wconf 68' lang='grc'><strong>,</strong></span> 
     </span>
    </p>
   </div>
   <div class='ocr_carea' id='block_1_5' title="bbox 0 0 1672 5000">
    <p class='ocr_par' dir='ltr' id='par_1_8' title="bbox 0 0 1672 5000">
     <span class='ocr_line' id='line_1_38' title="bbox 0 0 1672 5000; baseline 0 0"><span class='ocrx_word' id='word_1_282' title='bbox 0 0 1672 5000; x_wconf 95' lang='lat' dir='ltr'><strong> </strong></span> 
     </span>
    </p>
   </div>
  </div>
 </body>
</html>
