3308 5000
790 372 1022 432 -100-

327 539 361 604 in
390 557 461 603 eam
490 543 619 621 gentem
646 536 797 619 privatim
827 559 870 603 an
900 538 1029 622 publice
1059 538 1123 603 sint
1152 538 1291 619 maiora,
1325 538 1382 603 vix
1416 538 1481 605 dici

330 646 449 733 posset,¹
472 639 588 722 partim
611 637 757 704 desertos
779 659 838 723 per
860 640 1013 706 incultum
1030 659 1070 704 ac
1091 635 1340 721 neglegentiam,
1364 641 1480 722 partim

330 741 489 808 hostiliter
504 740 647 807 sublatos
663 758 743 806 esse.
788 739 912 818 Quibus
934 761 975 807 ex
990 741 1100 806 verbis
1123 747 1258 826 apparet
1272 746 1345 807 ante
1362 760 1481 808 annum

331 846 391 907 172
413 863 442 908 a.
466 840 540 908 Chr.
563 861 594 905 n.
616 840 765 908 Achaeos
787 844 857 925 regi
878 842 1016 910 honores
1039 843 1113 908 illos
1135 842 1305 909 ademisse.

414 946 477 1012 Res
501 964 571 1011 cum
595 943 641 1008 ita
663 963 697 1008 se
720 943 869 1026 habeant,
893 944 959 1009 Th.
981 945 1196 1012 Mommsen
1218 965 1282 1010 non
1304 945 1481 1029 pervicisse
1536 1031 1538 1038 γ

330 1047 468 1130 videtur,
491 1047 546 1130 qui
568 1046 590 1111 l.
613 1044 635 1109 l.
658 1044 682 1108 1.
706 1065 737 1127 p.
762 1049 822 1108 757
846 1066 930 1112 anno
953 1067 981 1112 a.
1006 1067 1035 1111 u.
1060 1066 1086 1112 ο.
1111 1049 1173 1111 584
1196 1050 1270 1126 (170
1293 1067 1322 1112 a.
1339 1045 1413 1112 (ihr.
1437 1047 1481 1122 n.)

327 1150 444 1216 iactum
475 1166 546 1215 esse
575 1147 655 1212 illud
679 1146 842 1212 decretum
864 1150 979 1231 posuit.
1012 1148 1158 1214 ¹Summa
1186 1149 1283 1232 igitur
1311 1154 1361 1214 est
1384 1147 1480 1214 haec:

327 1251 451 1317 Achaei
474 1250 640 1316 consilium
665 1256 818 1333 ceperunt
845 1251 927 1316 inter
948 1271 1050 1317 annos
1075 1253 1136 1314 185
1160 1258 1192 1316 et
1217 1252 1276 1314 172
1298 1269 1327 1316 a.
1351 1248 1425 1315 (ihr.
1448 1270 1481 1314 n.

327 1354 413 1436 regis
444 1351 581 1418 honores
610 1351 792 1416 amovendi.
827 1351 894 1418 Sed
924 1372 965 1418 ex
987 1353 1117 1437 Polybii
1149 1351 1415 1419 verbis·XXVII.
1441 1352 1480 1416 18

329 1445 382 1520 ὅτι
410 1443 565 1528 Ἄτταλος
584 1450 750 1535 χειμάζων
773 1449 806 1516 ἐν
818 1443 969 1540 Ἐλατείᾳ
990 1455 1046 1518 καὶ
1062 1455 1181 1542 σαφῶς
1196 1449 1294 1528 εἰδοὺς
1309 1449 1367 1517 τὸν
1382 1444 1481 1517 ttet-

327 1553 393 1643 φὸν
417 1547 545 1642 Εὐμένη
570 1551 778 1636 λυπούμενον
799 1552 859 1636 μὲν
882 1548 929 1631 ὡς
946 1553 1000 1620 ,ἔνι
1015 1553 1162 1638 μάλιστα
1184 1556 1240 1620 καὶ
1254 1553 1480 1638 βαρυνόμενον

329 1654 388 1723 ἐπὶ
409 1659 460 1740 τῷ
482 1653 543 1732 τὰς
566 1653 839 1742 ἐπιφανεστάτας
862 1649 963 1722 αὐτοῦ
984 1656 1084 1740 τιμὰς
1107 1649 1302 1744 ἠθετῆσθαι
1322 1650 1389 1722 ὑπὸ
1412 1659 1480 1722 τῶν

329 1756 363 1824 ἒν
396 1756 647 1842 Πελοποννήσῳ
683 1754 739 1821 διὰ
767 1761 879 1822 κοινοῦ
909 1758 1090 1844 δόγματος,
1124 1756 1410 1844 ἐπικρυπτόμενον
1444 1757 1481 1823 δὲ

328 1857 415 1944 πρὸς
437 1853 568 1936 πάντας
590 1857 649 1947 τὴν
672 1860 752 1945 περὶ
775 1853 876 1925 αὑτὸν
899 1854 1113 1944 ὑπάρχουσαν
1140 1859 1297 1926 διάθεσιν
1324 1861 1392 1924 κτλ.
1415 1862 1480 1927 col-

328 1964 439 2046 ligitur
461 1963 548 2031 haud
571 1964 680 2030 multis
708 1963 800 2029 annis
828 1970 903 2028 ante
935 1966 995 2028 170
1018 1984 1047 2029 a.
1071 1963 1143 2030 Chr.
1166 1985 1197 2029 n.
1221 1963 1255 2030 id
1278 1963 1481 2030 constituisse

327 2064 486 2148 Achaeos,
510 2065 608 2149 idque
630 2085 702 2131 cnm
723 2070 847 2132 constet
860 2071 944 2131 'ante
969 2085 1089 2132 annum
1116 2069 1187 2149 172,
1210 2065 1320 2131 malim
1340 2069 1480 2130 statuere

327 2168 424 2252 paulo
447 2175 522 2234 ante
544 2187 661 2232 annum
687 2171 747 2232 172
769 2188 799 2232 a.
823 2166 896 2233 Ohr.
920 2189 950 2232 n.
971 2187 1042 2234 esse
1063 2168 1193 2234 factum.

414 2267 477 2346 Qui
512 2268 650 2335 honores
679 2268 827 2335 Archonc
859 2277 1009 2354 praetore
1042 2289 1126 2336 anno
1157 2271 1270 2348 170l69
1299 2266 1479 2333 alibro.

327 2371 463 2436 Eumeni
485 2372 555 2453 regi
577 2377 650 2436 sunt
674 2373 820 2437 restituti.
866 2373 925 2438 lllo
948 2378 1056 2437 autem
1078 2377 1223 2457 tempore
1245 2370 1383 2452 Attalus,
1406 2388 1478 2435 cum

329 2481 361 2537 et
389 2471 539 2539 Achaeos
570 2478 602 2538 et
630 2471 810 2539 Archonem
842 2474 905 2540 sibi
935 2474 1056 2557 petenti
1086 2474 1215 2540 veniam
1246 2472 1379 2538 daturos
1407 2489 1478 2537 esse

327 2574 617 2654 animadvertisset,
641 2575 766 2656 legatos
795 2576 829 2640 in
851 2575 1112 2658 Peloponnesum
1134 2575 1230 2657 misit,
1253 2574 1309 2657 qui
1331 2571 1480 2640 Achaeos

328 2682 574 2758 commoverent,
598 2683 632 2740 ut
654 2675 744 2741 fratri
767 2676 905 2743 honores
928 2677 1110 2744 redderent.
1154 2678 1294 2760 Tamen,
1317 2677 1480 2759 quianon

328 2779 373 2843 ita
395 2776 496 2842 multo
518 2783 593 2844 ante
614 2779 784 2863 permultis
806 2780 916 2846 invitis
931 2778 1055 2845 Achaei
1077 2780 1119 2845 ad
1142 2780 1359 2846 Romanorum
1379 2779 1480 2846 socie·

327 2886 425 2947 tatem
448 2898 483 2945 se
505 2879 765 2963 applicaverant,
788 2880 904 2964 legatis
927 2882 1109 2948 restiterunt
1132 2889 1163 2947 et
1185 2883 1224 2965 ii,
1247 2881 1303 2964 qui
1324 2882 1366 2946 ab
1389 2880 1480 2945 initio

328 2981 537 3064 postulantes,
560 2987 595 3046 ut
617 2981 777 3049 Eumenes
800 2982 975 3049 honoribus
997 2985 1195 3068 privaretur,
1218 2983 1383 3049 decretum
1405 3002 1482 3048 con-

328 3083 449 3149 servari
472 3083 642 3148 voluerunt
664 3091 696 3149 et
719 3085 751 3169 ii,
775 3086 831 3168 qui
844 3085 930 3168 regis
952 3086 1086 3152 iniurias
1108 3088 1252 3170 privatas
1266 3085 1363 3152 ulturi
1379 3090 1480 3168 erant,

330 3190 363 3249 et
384 3184 418 3265 ii,
442 3185 497 3267 qni
521 3185 752 3252 obtrectatione
769 3190 920 3253 commoti
943 3188 1058 3271 ineos,
1081 3187 1138 3270 qui
1153 3188 1255 3254 Attali
1270 3206 1401 3252 causam
1424 3187 1480 3253 de·

327 3284 515 3367 tenderunt,
539 3287 764 3372 elaborabant,
793 3295 828 3352 ut
857 3288 1065 3373 impedirent,
1096 3291 1265 3371 quominus
1293 3290 1402 3356 Attalo
1425 3290 1482 3356 ob-

327 3393 568 3469 temperaretur:
612 3389 742 3456 Archon
766 3390 854 3474 ipse,
884 3391 939 3472 qui
962 3411 980 3456 e
1003 3391 1085 3457 sella
1115 3397 1307 3474 surrexerat,
1332 3400 1365 3456 ut
1380 3392 1482 3458 Attali

326 3509 456 3573 precum
472 3497 556 3556 esset
571 3490 708 3574 adiutor,
725 3493 920 3575 paucissima
936 3494 1036 3559 verba
1051 3501 1220 3579 postquam
1234 3491 1320 3575 fecit,
1337 3495 1481 3560 recessit.

326 3593 410 3658 Tum
440 3593 612 3676 Polybius,
647 3593 702 3675 qui
737 3601 806 3660 erat
841 3594 1047 3679 hipparchus,
1081 3594 1206 3661 exstitit
1238 3601 1270 3658 et
1303 3597 1481 3662 orationem

326 3693 447 3760 habens
470 3713 528 3778 pro
549 3696 659 3761 Attalo
683 3705 868 3779 persecutus
892 3704 941 3762 est
955 3695 1104 3764 Achaeos
1127 3697 1311 3764 decrevisse
1334 3717 1389 3764 eos
1411 3705 1481 3762 tan·

326 3796 490 3862 tummodo
514 3796 650 3864 honores
673 3799 795 3880 tollere,
819 3800 874 3882 qui
898 3799 1040 3866 indecori
1063 3809 1170 3865 essent
1192 3808 1225 3864 et
1247 3805 1358 3865 contra
1380 3799 1481 3882 leges,

327 3906 359 3964 et
382 3898 589 3982 Diopeithem
613 3905 644 3964 et
666 3898 872 3983 Sosigenem,
902 3902 957 3984 qui
980 3902 1115 3985 privatis
1142 3902 1184 3967 de
1214 3902 1320 3968 causis
1343 3903 1482 3967 Eumeni

326 4002 460 4067 fuissent
475 4001 570 4066 invisi
586 4001 769 4085 infestique,
785 4009 895 4068 contra
906 4001 1109 4068 Achaeorum
1126 4003 1288 4070 decretum
1306 4010 1338 4067 et
1353 4011 1484 4086 praeter

326 4103 376 4168 ius
410 4103 524 4184 fasque
558 4102 683 4168 decoris
724 4104 840 4171 oblitos
880 4124 989 4172 omnes
1022 4106 1109 4188 regis
1143 4105 1280 4172 honores
1314 4107 1482 4172 evertisse.
