3344 5008
790 344 998 404 ..16-

323 507 389 574 Sed
412 509 476 574 iam
499 509 690 574 maturuisse
718 509 776 575 iila
803 511 899 576 facile
922 517 971 576 est
993 508 1232 591 coniciendum,
1263 508 1405 592 quodni
1427 511 1474 576 ita

324 612 445 693 fuisset,
467 629 572 693 neque
595 609 767 694 Philippus
789 632 847 696 spe
869 612 1083 679 frumentandi
1105 630 1210 695 neque
1233 612 1271 677 Τ.
1294 610 1472 695 Quinctius,

320 720 354 780 ut
377 713 461 781 hosti
484 721 701 796 corrumperet
723 715 891 799 frumenta,
915 713 1083 781 Scotusam
1106 715 1283 798 petiissent.

406 815 450 882 Ut
470 815 566 898 Aug.
589 815 816 883 Mommsen:
841 817 1051 900 Heortologie
1074 818 1162 900 Lips.
1190 818 1271 879 1864
1287 836 1318 898 p.
1339 819 1400 879 402
1416 815 1473 880 ad·

320 919 445 984 notavit
474 937 583 984 mense
605 917 838 1002 Thargelione,
868 919 924 1002 qui
952 926 1021 984 erat
1046 919 1122 985 anni
1144 918 1244 986 Attici
1272 916 1471 1000 undecimus,

319 1039 447 1103 semper
469 1020 577 1102 fruges
600 1028 743 1086 maturae
773 1027 863 1087 erant
885 1023 905 1085 i.
923 1041 950 1086 e.
974 1021 1049 1088 inde
1071 1041 1092 1086 a
1113 1020 1199 1086 Maio
1229 1037 1339 1085 mense
1362 1017 1471 1086 medio

321 1121 479 1206 usquead
495 1121 626 1188 Junium
643 1121 793 1188 medium.
832 1124 936 1188 Etiam
953 1143 1036 1189 nunc
1051 1124 1083 1188 in
1100 1124 1171 1206 ipsc
1185 1121 1365 1203 Thessalia,
1388 1140 1471 1204 qnae

320 1230 368 1291 ost
383 1244 461 1309 prae
478 1225 591 1290 ceteris
608 1223 764 1291 Graeciae
779 1227 963 1308 regionibus
979 1226 1069 1291 caelo
1089 1244 1215 1307 aspero,
1237 1222 1346 1290 medio
1361 1241 1471 1290 mense

320 1326 417 1393 Junio
439 1327 547 1408 fruges
562 1334 836 1410 permaturesount
848 1330 879 1409 ¹),
903 1333 999 1410 atque
1016 1348 1088 1393 cum
1105 1329 1146 1394 sit
1168 1324 1384 1410 colligendum
1408 1344 1470 1390 non

320 1429 417 1510 longe
439 1428 575 1510 ciuisse,
607 1430 683 1512 quin
705 1430 813 1512 fruges
835 1431 892 1496 illo
915 1436 1059 1514 tempore
1090 1434 1373 1510 maturescerent,
1396 1429 1472 1511 quia

320 1531 480 1596 frumenta
503 1536 669 1596 maturae
691 1531 937 1600 Scotusensibns
959 1534 992 1598 in
1021 1534 1094 1598 loca
1120 1539 1189 1598 tuta
1210 1553 1231 1598 a
1253 1532 1470 1598 Romanorum

321 1639 353 1698 et
381 1632 591 1698 Macedonum
624 1634 818 1700 exercitibus
852 1636 1006 1702 translata
1040 1641 1146 1703 essent
1178 1653 1284 1718 neque
1315 1634 1348 1697 in
1381 1633 1469 1716 agris

319 1734 520 1816 mansissent,
544 1737 757 1821 consequitur,
782 1743 816 1802 ut
830 1757 939 1821 pugna
961 1738 1003 1803 ad
1026 1735 1287 1822 Cynoscephalas
1310 1741 1383 1817 post
1406 1755 1470 1801 me·

321 1837 408 1902 dium
425 1835 557 1903 Junium
580 1858 723 1904 mensem
746 1840 866 1905 iactum
889 1861 952 1906 non
975 1841 1025 1924 sit,
1049 1841 1184 1907 fortasse
1207 1841 1337 1906 ineunte
1360 1856 1471 1905 mense

320 1940 416 2007 Junio
439 1939 514 2004 anni
533 1943 591 2004 197
607 1959 636 2004 a.
654 1940 728 2006 Chr.
744 1962 774 2006 n.
812 1939 936 2018 Quibus
951 1942 993 2009 de
1008 1944 1113 2010 causis
1135 1940 1337 2026 comprobari
1351 1959 1469 2023 neque-

320 2048 386 2127 unt,
411 2061 493 2124 quac
523 2041 584 2106 viri
606 2042 693 2108 docti
722 2045 921 2128 protulerunt
948 2045 1112 2129 Niebuhr,
1144 2044 1283 2127 Sohom,
1312 2042 1469 2109 Weissen-

321 2146 411 2226 born,
435 2142 638 2210 Buscbmann
650 2142 676 2228 ²)
693 2146 837 2212 arbitrati
854 2150 1055 2216 commissum
1070 2167 1142 2215 esse
1158 2147 1317 2231 proelium
1333 2152 1471 2212 exeunte

319 2266 428 2312 mense
451 2245 558 2312 Junio.

405 2348 506 2414 Multo
530 2367 607 2414 vero
630 2356 715 2432 ante,
738 2351 806 2416 iere
828 2352 870 2417 ad
894 2353 1131 2435 aequinoctium
1147 2370 1280 2418 vernum
1298 2371 1368 2417 esse
1391 2371 1470 2434 pug-

318 2457 428 2516 natum
449 2450 492 2516 ad
515 2449 777 2535 Cynoscephalas
801 2451 986 2536 Flathess)
1010 2454 1183 2536 contendit,
1214 2451 1272 2519 sed
1295 2454 1412 2536 nimia,
1436 2461 1471 2520 ut

321 2553 400 2620 mihi
423 2553 559 2634 videtur,
582 2553 728 2620 audacia.
767 2555 848 2621 Nam
865 2555 1039 2623 secundum
1062 2577 1228 2624 vernum
1251 2557 1469 2639 aequinoc-

318 2657 420 2720 tium
451 2655 517 2729 (cir.
547 2655 617 2720 Liv.
640 2656 795 2724 XXXIII.
819 2662 848 2724 3.
873 2658 903 2740 5)
930 2658 1099 2746 Philippus
1128 2679 1185 2725 rex
1219 2679 1328 2725 omnes
1360 2660 1471 2742 copias

321 2759 417 2823 Dium
441 2757 473 2822 in
498 2757 651 2842 oppidum
674 2761 842 2844 contraxit,
866 2767 1034 2845 postquam
1056 2763 1160 2845 primo
1183 2780 1259 2827 rere
1282 2779 1340 2844 per
1363 2762 1471 2826 omnia

320 2861 411 2944 regni
446 2859 568 2944 oppida
601 2861 753 2929 dilectum
788 2864 915 2949 babuit,
950 2865 1059 2948 ibique
1087 2865 1288 2947 aliquantum
1316 2863 1470 2946 temporis

320 2964 440 3028 stativa
462 2963 569 3046 posita
599 2963 750 3033 babuisse
779 2966 921 3049 videtur,
952 2989 1025 3034 cnm
1054 2965 1288 3034 exercendo
1318 2964 1470 3032 cotidie

321 3066 456 3130 milite
472 3064 596 3133 hostem
612 3068 819 3153 opperiretur.
857 3072 898 3135 ldt
913 3071 951 3136 Τ.
968 3069 1135 3148 Quinctius
1150 3090 1208 3154 per
1223 3067 1355 3135 eosdem
1370 3069 1470 3134 ferme

321 3168 391 3234 dies
422 3168 463 3232 ab
485 3166 593 3234 Elatia
620 3176 748 3252 praeter
771 3171 947 3238 Thronium
971 3181 1003 3238 ot
1024 3171 1222 3255 Scarpheam
1252 3170 1294 3236 ad
1317 3170 1468 3236 Thermo·

319 3287 524 3297 ---———--—

411 3344 435 3404 1)
453 3337 528 3404 Quae
548 3335 613 3388 mihi
632 3336 820 3405 benignissime
838 3341 997 3411 perscrIpsit
1009 3340 1059 3396 Th.
1075 3355 1126 3394 von
1139 3339 1291 3403 Heldreicb,
1311 3337 1354 3392 cni
1371 3352 1406 3391 ne
1417 3338 1469 3391 hoc

322 3425 429 3494 quidem
448 3424 508 3477 loco
527 3421 590 3490 quin
608 3422 710 3489 gratiss
729 3438 807 3492 agam
825 3425 963 3492 maximas,
981 3442 1091 3496 possum
1109 3425 1331 3495 praetermittere.

407 3511 433 3576 21
451 3506 619 3562 Niebuhr:
638 3506 734 3562 Kleine
752 3510 912 3567 historiscbe
931 3510 985 3564 und
1004 3510 1199 3580 philologische
1217 3509 1361 3564 Schriften.
1381 3509 1469 3564 Bonn.

323 3599 387 3651 1828
416 3595 436 3648 1.
464 3609 490 3662 p.
517 3597 566 3648 212
577 3609 635 3663 sqq.
663 3601 689 3648 et
716 3596 850 3650 ciusdem:
884 3596 1016 3663 Vortruge
1048 3595 1115 3650 uber
1146 3595 1278 3650 romische
1305 3594 1469 3651 Geschichte

320 3682 362 3737 ed.
381 3680 447 3734 Ister
467 3683 530 3734 rsst
558 3680 593 3734 11.
613 3698 640 3749 p.
662 3685 723 3745 151,
748 3681 794 3736 ubi
819 3681 918 3736 rectius
942 3696 959 3734 a
980 3680 1129 3735 NiebuhrIo
1152 3681 1283 3748 proelium
1306 3681 1469 3736 collocatum

320 3781 380 3822 esse
403 3766 521 3834 videtur;
549 3765 696 3820 Schorn:
723 3766 884 3821 Geschichte
908 3766 1120 3822 Gricchenlands
1147 3782 1199 3822 uon
1227 3768 1273 3820 der
1297 3767 1470 3832 Entstehung

323 3853 369 3906 des
388 3851 553 3906 aetolischen
572 3851 626 3904 und
646 3852 825 3906 achaeiscben
845 3853 952 3908 Bundes
970 3853 1012 3907 bis
1031 3852 1080 3907 auf
1096 3852 1139 3906 die
1151 3853 1316 3919 Zerstbrung
1334 3851 1469 3906 Corinths.

321 3939 408 3993 Bonn.
437 3942 502 3992 1833
530 3955 556 4006 p.
577 3941 626 3991 252
654 3938 716 3992 adn.
737 3942 764 4006 2;
797 3938 1045 3994 Weissenborn
1072 3939 1106 3993 ad
1131 3937 1189 3992 hir.
1213 3937 1342 3993 XXXIII.
1370 3940 1411 3991 21.
1440 3939 1469 4002 3ς

321 4024 538 4077 Busobmann
556 4023 605 4077 hl.
625 4025 640 4090 ξ
661 4027 676 4076 6
694 4041 721 4092 p.
742 4030 764 4079 1.

407 4115 432 4168 31
451 4107 586 4162 h'Iuthe:
607 4109 769 4164 Geschichte
788 4109 987 4164 Macedonicus.
1006 4111 1042 4164 11.
1062 4111 1136 4178 Lips.
1159 4115 1222 4164 1831
1241 4128 1268 4180 p.
1287 4113 1405 4176 srrsqq.
