3308 5000
614 409 827 470 ..55-

141 577 173 642 h.
191 595 218 642 e.
243 582 389 642 extrema
409 581 531 642 aestate
555 576 608 644 vel
637 576 741 660 primo
768 581 931 642 autumno.
975 577 1089 659 Itaque
1111 575 1217 644 Nabin
1240 599 1295 646 ne-

142 680 240 762 cavit,
264 685 417 762 quantum
440 676 590 761 equidem
613 697 762 762 auguror,
785 683 938 745 autumno
953 679 1030 744 anni
1051 681 1110 746 192
1125 701 1154 748 a.
1172 681 1246 748 Chr.
1265 704 1295 748 n.

142 801 182 847 ao
212 799 284 846 oum
317 780 374 846 ilio
404 786 550 862 tompore
582 777 727 846 indutiae
760 779 824 844 iam
858 785 975 862 essent,
1010 781 1129 848 bellum
1159 791 1296 850 exeunte

143 887 267 950 aestate
290 883 344 949 vel
366 882 458 948 initio
480 881 625 947 autumni
644 879 770 946 finitum
789 899 861 948 esse
883 881 1020 948 videtur.

230 1290 364 1356 Praeter
385 1290 512 1356 titulum
542 1308 639 1372 supra
661 1289 878 1356 collaudatum
903 1294 965 1364 (no.
991 1292 1043 1359 62)
1066 1289 1227 1356 Fraenkel
1250 1292 1296 1356 in-

146 1395 352 1479 scriptionem
375 1396 437 1468 (no.
454 1393 495 1456 63
518 1411 549 1475 p.
567 1391 619 1468 50)
642 1389 685 1457 ad
706 1391 844 1458 Nabidis
872 1391 993 1457 bellum
1021 1393 1157 1458 alterum
1186 1392 1299 1458 referri

146 1499 215 1564 vult
238 1513 372 1577 eamque
396 1494 443 1559 sio
466 1493 598 1576 explere
627 1500 758 1559 conatus
788 1500 851 1575 est,
882 1499 917 1557 ut
945 1493 1055 1558 titulus
1085 1494 1212 1559 votivus
1243 1514 1297 1560 ex-

147 1601 284 1681 sisteret,
307 1615 370 1679 quo
386 1596 546 1660 Eumenes
568 1594 722 1677 praedam
743 1595 778 1659 in
793 1594 929 1660 Nabidis
953 1595 1039 1660 bello
1055 1595 1156 1660 altero
1172 1601 1299 1678 captam

146 1701 217 1768 Iovi
248 1707 281 1765 et
309 1696 456 1763 Athenae
484 1694 678 1779 nicephorus
707 1698 968 1764 oomeoravisset.
1020 1694 1101 1778 Sed,
1132 1697 1208 1780 quia
1237 1698 1300 1765 duo

147 1801 267 1886 lapidis
290 1799 468 1881 fragmenta
490 1797 561 1864 sola
582 1797 696 1863 litteris
717 1797 951 1882 duodeviginta
973 1799 1128 1882 inscripta
1150 1799 1193 1864 ad
1216 1797 1301 1865 huno

146 1907 253 1989 ipsum
287 1901 374 1966 diem
408 1900 673 1983 perduraverunt,
707 1901 947 1983 supplementa,
981 1919 1175 1983 quamquam
1207 1909 1300 1968 aoute

146 2011 324 2088 arguteque
339 2011 412 2069 sunt
428 2001 621 2084 excogitata,
645 2001 859 2067 incertissima
880 2009 962 2084 sunt,
985 2009 1082 2083 atque
1103 2022 1236 2086 moneo,
1260 2024 1301 2069 ne

147 2108 240 2174 titulo
265 2107 313 2172 sie
334 2105 480 2170 restituto
502 2102 583 2168 fides
606 2103 705 2168 nimia
727 2103 892 2168 tribuatur.
930 2103 1024 2185 Nam,
1048 2103 1133 2184 qnod
1149 2105 1300 2185 gravissi-

147 2231 234 2276 mum
257 2214 315 2289 est,
338 2207 439 2273 verba
460 2206 519 2292 τῆς
542 2204 696 2286 δευτέρας
720 2209 896 2290 στρατείας
917 2206 950 2270 in
967 2225 1062 2270 versu
1084 2205 1206 2288 ultimo,
1230 2214 1303 2271 sunt

147 2309 336 2377 Eraenkelii
365 2308 562 2374 oonieotura:
592 2307 701 2388 itaque
731 2305 884 2372 indubio
913 2308 1057 2392 ponitur,
1088 2326 1163 2372 num
1191 2308 1301 2373 titulus

148 2414 191 2480 ad
213 2412 336 2478 bellum
358 2410 495 2475 alterum
518 2415 657 2492 spectet,
686 2429 724 2474 ae
753 2428 812 2492 pro
835 2415 921 2475 certo
952 2409 986 2474 id
1016 2429 1112 2474 unum
1141 2407 1301 2474 affirmare

148 2517 224 2581 lioet
246 2513 348 2579 verba
369 2512 530 2597 pertinere
552 2510 594 2576 ad
616 2511 747 2592 bellum,
771 2511 859 2593 quod
881 2511 1041 2579 Eumenes
1064 2532 1136 2578 oum
1152 2512 1303 2579 Romanis

150 2622 262 2683 eontra
283 2615 392 2680 Nabin
414 2613 517 2695 gessit
531 2610 598 2692 (eir.
615 2633 645 2677 v.
662 2617 703 2686 4).
749 2612 873 2678 Eodem
896 2614 993 2696 igitur
1015 2615 1084 2679 iure
1106 2615 1304 2699 epigramma

148 2719 192 2786 ad
214 2717 353 2784 Nabidis
375 2716 495 2781 bellum
517 2714 607 2797 prius
634 2715 746 2780 referri
768 2721 890 2799 potest,
921 2715 1025 2798 quod,
1057 2716 1182 2782 etiamsi
1205 2719 1301 2783 aliam

150 2823 219 2887 eius
241 2819 483 2901 inscriptionem
499 2817 642 2882 votivam
658 2816 722 2881 iam
738 2814 903 2898 babemus,
927 2837 948 2882 a
963 2835 1040 2898 rege
1061 2818 1138 2901 poni
1159 2821 1303 2900 potuisse

150 2924 221 3006 quis
254 2943 318 2987 non
351 2917 529 2986 consedet?
572 2918 634 2984 Ilia
663 2917 828 2983 dedicavit
856 2916 1011 3002 praedam
1041 2917 1188 2985 Athenae
1218 2922 1302 2987 nioe-

149 3025 281 3109 phorae,
306 3023 369 3088 hae
389 3021 460 3087 Iovi
484 3029 516 3086 et
536 3018 682 3086 Athenae
704 3018 915 3104 nioephorae,
938 3026 973 3084 ut
995 3020 1124 3104 saepius
1147 3022 1180 3086 in
1202 3024 1303 3090 titulis

150 3127 359 3211 Pergamenis
388 3124 579 3189 invenimus.
630 3122 693 3188 Res
729 3141 801 3187 oum
829 3122 875 3186 ita
902 3141 937 3186 se
973 3119 1106 3205 habeat,
1140 3123 1201 3190 hoo
1235 3125 1302 3192 fere

150 3230 246 3296 modo
269 3229 381 3294 titulus
405 3226 531 3309 expleri
553 3229 673 3309 potest:

378 3371 934 3464 ejazprffivzrrroruuz

378 3472 1092 3564 arrrraraouunrurpquooeor

377 3574 1046 3666 auroruzurraemuapou

380 3678 1123 3767 varanarouueozuaprurou

380 3781 925 3870 ΛΑΚΩΝΑΣΤΡΑΤΕΙΑΣ]

151 3940 330 4007 Adnotavit
357 3945 463 4004 autem
492 3937 654 4005 Fraenhel
683 3937 723 4004 de
747 3940 898 4004 Romanis
928 3941 960 4004 in
990 3941 1083 4006 titulo
1113 3959 1303 4007 commemo-

152 4043 244 4110 ratis:
265 4035 364 4107 ‘Dass
378 4041 538 4108 Eumenes
561 4042 594 4106 in
616 4042 722 4107 seiner
736 4039 1005 4126 Siegesweihung
1026 4042 1080 4108 die
1098 4040 1305 4126 Ervvhhnung

152 4145 257 4212 seiner
292 4142 473 4210 romischen
507 4143 796 4225 Bundesgenossen
828 4142 918 4210 nieht
958 4145 1157 4211 unterlassen
1190 4145 1306 4227 aurfte,

203 4251 363 4295 Neisohko.
1123 4249 1137 4296 5
