3344 5008
626 441 837 502 ..19-

160 606 341 672 conlatis
364 625 448 671 cum
465 605 775 692 regePhilippo
798 609 835 672 in
853 604 1313 692 ThessaIIapugnasse,

161 707 342 776 hostium
376 709 600 776 exercitum
637 709 762 776 fusum
798 710 1071 793 fugatumque.
1128 707 1212 774 Hae
1245 708 1314 774 lit-

162 819 277 878 terae
300 811 411 896 prius
435 812 473 877 in
496 818 640 878 senatu
663 834 683 877 a
705 811 746 877 M.
764 810 910 894 Sergio
933 817 1143 894 praetore,
1166 810 1315 878 deinde

163 936 211 981 ex
233 915 486 980 auctoritate
509 921 669 998 patrum
694 914 730 978 in
760 914 952 980 contione
986 920 1078 980 sunt
1110 914 1314 980 recitatae

164 1024 201 1085 et
234 1018 282 1083 ob
311 1036 511 1100 prospere
544 1024 684 1100 gestas
713 1017 752 1080 in
781 1015 870 1081 dies
899 1016 1079 1099 quinque
1108 1015 1313 1102 snpplica-

162 1120 297 1186 tiones
321 1119 524 1186 deoretae.
559 1117 930 1201 Brevipostlegati
947 1122 987 1182 et
1006 1117 1104 1182 ab'I.
1121 1116 1314 1195 Qurinctio

163 1227 201 1287 et
222 1223 269 1288 ab
292 1242 389 1306 rege
411 1221 607 1307 Philippo
632 1226 829 1288 venerunt
848 1239 956 1303 e.q.s.
1000 1218 1066 1284 Sed
1088 1225 1161 1286 sunt
1183 1221 1316 1286 confusa

165 1325 366 1408 obscuraque
390 1331 434 1406 et,
459 1330 493 1390 ut
516 1343 576 1407 ego
599 1324 730 1406 quidem
755 1343 889 1406 censeo,
912 1321 1011 1404 falsa,
1041 1329 1138 1406 atque
1161 1322 1195 1388 id
1219 1342 1314 1387 unum

164 1427 332 1494 enucleare
354 1428 446 1508 licet,
475 1428 531 1509 qui
561 1425 630 1492 fieri
660 1426 816 1510 potuerit,
848 1432 881 1490 ut
903 1425 1014 1492 Livius
1038 1426 1192 1492 scriberet
1212 1417 1314 1490 ‘exitu

164 1519 253 1593 anni'
271 1551 298 1594 e.
315 1548 387 1612 qs.
426 1527 573 1611 Namque
595 1529 756 1594 nonnullis
772 1528 886 1594 dlehus
908 1527 975 1604 (cfr.
992 1527 1105 1611 Polyb.
1124 1526 1242 1592 XVIII.
1264 1530 1314 1610 34,

165 1630 235 1694 LIr.
259 1629 414 1696 XXXIII.
442 1635 489 1695 11.
520 1631 549 1706 3)
585 1637 658 1712 post
692 1649 833 1713 pugnam
862 1631 904 1695 ad
933 1628 1196 1714 Cynoscephalas
1230 1650 1315 1696 com-

165 1733 295 1798 mIssam
323 1732 366 1798 ad
389 1733 426 1797 Τ.
450 1730 650 1816 Quinctium,
681 1733 736 1815 qni
758 1732 921 1798 Larissam
950 1733 1111 1816 proiectus
1138 1739 1206 1800 erat
1231 1732 1314 1798 arhi-

168 1842 267 1900 tratas
284 1853 392 1918 regem
407 1833 592 1918 Philippum
607 1834 759 1918 petivisse
776 1835 864 1900 illam
880 1835 1054 1918 regionem,
1070 1833 1314 1918 Demosthenes,

167 1935 357 2020 Cycliadas,
380 1937 552 2003 limnaeus
575 1938 661 2018 regis
683 1937 782 2018 legati
807 1944 962 2002 venerunt
984 1936 1025 2002 ah
1049 1956 1150 2019 eoque
1174 1936 1314 2002 indutias

166 2039 350 2120 quindecim
368 2039 491 2104 dierum
508 2045 626 2106 etcum
642 2058 719 2122 rege
742 2039 813 2123 ipso
837 2040 1031 2122 colloquium
1054 2039 1314 2122 impetraverunt.

166 2140 273 2223 Atque
290 2141 364 2206 dum
382 2142 414 2205 ln
429 2141 563 2206 indutiis
579 2160 630 2208 res
646 2148 704 2224 est,
728 2142 768 2208 de
784 2142 873 2224 pacis
896 2141 1137 2208 condicionibus
1159 2142 1316 2224 agebatur

166 2249 207 2325 et,
236 2244 422 2326 priusquam
451 2243 644 2309 indutiarum
676 2244 745 2310 dies
779 2243 962 2326 quindecim
996 2244 1229 2327 praeterierunt
1261 2250 1317 2310 aut

167 2365 230 2410 non
246 2346 346 2411 multo
369 2353 451 2429 post,
475 2345 618 2412 indutiae
634 2353 782 2429 quattuor
804 2345 958 2412 mensium
982 2345 1050 2424 (cfr.
1068 2346 1179 2430 Polyb.
1196 2346 1314 2412 XVIII.

166 2448 216 2510 39.
240 2451 278 2512 5:
302 2444 525 2534 τετραμήνοος
548 2439 683 2528 ἀνοχὰς)
704 2449 809 2514 tactae
831 2456 913 2532 sunt,
936 2449 1020 2514 intra
1040 2469 1119 2532 quas
1143 2447 1315 2533 Philippus

166 2547 208 2614 de
231 2568 310 2632 pace
333 2552 458 2634 legatos
481 2551 616 2616 Romam
639 2551 786 2616 mitteret.
826 2551 922 2616 Haud
945 2551 1043 2617 dubie
1065 2550 1235 2635 Philippus
1257 2571 1316 2617 rex

167 2651 235 2716 sine
258 2672 408 2718 mora-
441 2652 595 2733 Polybius
618 2652 736 2716 XVIII.
762 2655 810 2716 39.
836 2657 935 2736 3sqq.
959 2654 1089 2736 quidem
1111 2653 1191 2743 ¹dloit
1218 2650 1256 2718 τὸ
1281 2652 1316 2716 δὲ

167 2755 300 2832 συνέχον
329 2737 368 2836 ἦν
398 2756 457 2839 τῆς
490 2749 594 2838 ὁρμῆς
622 2761 680 2838 τῆς
709 2756 768 2819 τοῦ
794 2758 895 2819 Τίτον
925 2751 1011 2839 πρὸς
1043 2751 1104 2830 τὰς
1138 2753 1315 2834 διαλύσεις,

167 2851 376 2920 ἐπυνθάνετο
399 2853 457 2920 τὸν
482 2848 644 2936 Ἀντίοχον
667 2848 735 2920 ἀπὸ
761 2861 882 2937 Συρίας
905 2841 1010 2942 ἦχθαι
1037 2855 1121 2939 μετὰ
1145 2855 1316 2940 δυνάμεως

168 2955 371 3040 ποιούμενον
382 2955 440 3045 τὴν
460 2951 563 3046 ὁρμὴν
577 2954 634 3022 irai
646 2956 707 3046 τὴν
719 2950 884 3044 Εὐρώπην
903 2959 970 3024 κτλ.
984 2967 1015 3025 et
1033 2960 1144 3026 Livius
1160 2961 1315 3027 XXXIII.

170 3064 218 3126 13.
235 3065 290 3125 15:
314 3082 411 3128 causa
426 3063 571 3130 Romano
595 3064 779 3148 imperatori
802 3062 947 3128 nonalia
968 3064 1071 3129 maior
1085 3063 1184 3130 fuisse
1200 3064 1316 3131 dicitur

166 3163 375 3229 maturandae
396 3167 497 3249 pacis,
521 3185 616 3248 quarn
633 3165 719 3249 qnod
735 3164 928 3231 Antiochum
950 3164 1070 3231 bellurn
1086 3167 1316 3250 transitumque

167 3265 199 3328 in
222 3265 385 3349 Europam
416 3268 521 3332 moliri
555 3268 723 3334 constabat
744 3304 783 3314 -
814 3267 938 3350 legatos
966 3267 1053 3334 misit
1081 3287 1199 3352 eosque
1229 3269 1315 3335 viam

167 3519 225 3573 Liv.
244 3518 357 3574 XXXII.
377 3523 410 3572 32
421 3523 490 3587 sqq.)
508 3524 616 3591 etpost
634 3521 765 3590 proelium
783 3520 854 3576 idem
871 3519 1011 3576 Phaeneas
1028 3527 1137 3590 praetor
1158 3537 1317 3576 commemo·

168 3608 247 3660 ratur
265 3619 281 3658 a
299 3605 411 3673 Polybio
423 3604 522 3658 XVIII.
536 3609 567 3659 31
579 3623 635 3675 sqq.
655 3608 715 3672 (ct'r.
733 3607 791 3662 Lir.
804 3604 930 3660 XXXIII.
948 3609 1068 3675 ltsqq.);
1087 3608 1164 3662 cuius
1182 3607 1209 3659 in
1228 3609 1316 3663 locum

167 3691 350 3746 Alexamenus
363 3692 503 3756 successit,
522 3707 600 3760 quern
612 3691 771 3748 Aetolorum
790 3697 939 3761 praetorem
952 3691 1044 3758 luisse,
1058 3707 1118 3746 cum
1131 3692 1163 3746 T.
1175 3691 1317 3760 Quinctius

169 3775 277 3830 Elatiae
299 3774 456 3830 hibernaret
480 3791 551 3832 anno
577 3775 651 3847 19116
673 3792 697 3832 a.
718 3777 782 3832 Ohr.
800 3795 837 3842 n.,
862 3776 990 3846 Polybius
1014 3776 1116 3832 XVIII.
1140 3782 1173 3832 43
1197 3783 1315 3834 enarrat.

168 3862 221 3917 Sed
249 3877 309 3916 cum
336 3860 496 3916 Aetolorum
522 3867 662 3931 praetores
697 3879 787 3920 menso
817 3863 949 3930 Delphico
980 3863 1098 3917 Boathro
1131 3864 1317 3931 magistratum

168 3947 259 4002 inlisae
279 3965 334 4004 non
352 3947 408 4002 veri
426 3951 462 4002 stt
480 3947 607 4002 dissimile
625 3948 684 4012 (alr.
704 3950 773 4016 Aug.
793 3948 942 4002 Mommsen
961 3949 978 4001 l.
996 3949 1014 4003 1.
1033 3964 1061 4015 p.
1082 3951 1114 4002 24
1124 3952 1201 4015 sqq),
1228 3948 1317 4004 Phae.-

168 4049 234 4090 neas
252 4040 396 4104 praeturae
413 4051 525 4090 munere
546 4034 709 4102 fungebatur
732 4048 748 4087 a
770 4049 861 4088 mense
877 4035 997 4089 Boathro
1021 4034 1087 4088 anni
1105 4038 1153 4088 198
1178 4034 1317 4102 usquead

168 4135 287 4176 mensem
305 4121 449 4176 Buoatium
468 4122 532 4176 anni
547 4125 594 4174 191
604 4135 628 4173 a.
641 4120 703 4174 Chr.
714 4135 741 4172 n.
771 4119 867 4186 ltaque
884 4124 943 4174 erat
956 4119 1097 4173 Phaeneas
1114 4125 1234 4189 praetor,
1254 4135 1315 4175 curu

167 4209 265 4264 mensis
284 4207 355 4262 lunii
373 4207 449 4260 initIo
468 4207 599 4276 proelium
616 4206 720 4260 tactum
738 4207 787 4258 est.

1132 4291 1163 4344 2*
