3308 5000
623 401 832 464 ..69-

149 591 286 656 regnum
317 571 552 654 Pergamenum
582 570 771 652 invasisset,
803 569 927 635 auxilia
956 570 1134 653 mitterent,
1165 571 1192 636 si
1222 572 1310 654 regis

150 674 248 740 classi
270 679 303 740 et
325 692 426 756 opera
447 671 490 738 ad
512 669 754 738 Macedonicum
778 671 898 736 beilum
928 671 974 735 uti
1003 671 1125 738 vellent
1147 679 1195 753 et,
1223 673 1250 737 si
1273 674 1309 739 id

149 776 284 858 nollent,
307 795 380 842 eum
403 773 446 840 ad
468 793 527 840 sua
549 771 755 838 defendenda
776 792 849 840 oum
871 773 1008 839 navibus
1031 792 1070 839 ac
1091 773 1225 857 reliquis
1256 796 1307 842 co-

150 879 215 961 piis
247 877 355 944 redire
387 882 572 960 paterentur
583 873 615 956 ¹).
671 872 795 951 Quibus
828 875 981 940 commoti
1014 875 1149 940 Romani
1183 874 1311 958 legatos

150 981 315 1061 miserunt,
345 979 400 1062 qni
428 975 589 1043 Antiocho
618 975 763 1042 dicerent
788 969 959 1060 ‘gratum
990 996 1078 1042 eum
1103 977 1310 1052 ‚facturum

152 1083 330 1163 senatui,
360 1081 393 1146 si
426 1097 551 1161 regno
580 1078 711 1144 Attali
746 1078 980 1144 abstineret
1013 1078 1206 1162 belloque
1238 1081 1310 1146 ab·

152 1174 343 1252 sisteret’.

237 1287 298 1352 Illo
320 1286 419 1368 igitur
440 1290 584 1365 tempore
604 1281 783 1348 Antiochus
805 1283 950 1347 Attalum
973 1281 1059 1347 hello
1081 1290 1309 1365 persecuturus

153 1396 232 1471 orat,
255 1387 325 1470 sed,
354 1394 390 1452 ut
411 1385 544 1451 Aandcr
572 1383 728 1468 Heyden:
758 1385 778 1448 l.
804 1385 825 1449 l.
848 1405 879 1468 p.
897 1387 937 1448 43
967 1384 1162 1467 suspicatur,
1192 1387 1309 1452 certior

152 1495 257 1559 Iactus
272 1490 413 1573 Scopam
431 1487 581 1554 Aetolum
605 1505 676 1552 cum
693 1487 927 1569 Aegyptiorum
944 1485 1088 1550 exercitu
1104 1487 1136 1551 in
1151 1486 1308 1554 Iudaeam

153 1593 323 1677 irrupisse,
346 1590 458 1675 copias
488 1607 559 1654 cum
588 1587 901 1671 ePergamenorum
935 1605 1035 1668 regno
1065 1587 1245 1671 eduxisset,
1275 1591 1310 1656 in

152 1697 273 1764 Coelen
307 1693 435 1776 Syriam
469 1691 666 1776 properavit
717 1689 876 1772 Equidem
912 1689 1068 1755 maiorem
1105 1691 1172 1757 vim
1201 1693 1307 1759 tribuo

152 1798 226 1863 Livi
241 1796 350 1862 verbis
365 1793 506 1860 XXXII.
524 1795 574 1856 27.
591 1798 622 1857 t:
645 1792 786 1857 eodem
810 1795 1154 1869 cunctanctium
1177 1794 1309 1877 legati

152 1902 200 1968 ab
223 1896 478 1981 regeAttalo
501 1914 689 1961 coronam
711 1913 872 1960 auream
894 1894 1111 1960 ducentum
1134 1896 1308 1978 quadra·

152 2004 269 2087 ginta
300 2019 369 2066 sex
399 1997 536 2082 pondo
564 1997 604 2061 in
634 1995 844 2078 Capitolio
877 2003 1102 2080 posuerunt
1135 1999 1308 2079 gratias-

153 2124 229 2189 que
266 2101 434 2170 senatui
476 2118 616 2182 egere,
661 2097 764 2180 quod
808 2095 1036 2163 Antiochus
1081 2098 1308 2180 legatorum

153 2209 419 2290 Romanorum
442 2201 697 2266 auctoritate
713 2206 842 2266 motus
864 2199 1167 2266 finibusAttaIi
1191 2221 1308 2267 exer·

153 2312 273 2376 citum
296 2303 552 2384 deduxisset,
575 2321 616 2368 ex
639 2303 756 2385 quihus
777 2308 912 2386 apparot
934 2300 1128 2367 Antiochum
1150 2302 1308 2369 Romano·

153 2432 222 2477 rum
245 2407 405 2476 voluntati
428 2405 614 2470 obsecutum
636 2404 715 2470 belli
738 2404 874 2469 consilia
896 2402 1051 2469 adversus
1066 2404 1209 2471 Attalum
1230 2407 1309 2472 omi·

154 2517 244 2582 sisse.
297 2508 448 2591 Accedit,
478 2507 563 2590 quod
593 2504 789 2587 Antiochus,
823 2526 894 2572 cum
924 2525 1008 2570 anno
1039 2508 1098 2570 197
1125 2527 1155 2571 a.
1182 2505 1255 2572 (ihr.
1278 2528 1309 2574 n.

152 2620 321 2684 conaretur
344 2611 522 2677 Ptolemaei
544 2608 667 2693 oppida
686 2609 833 2674 Asiatica
854 2608 952 2673 armis
975 2605 1037 2674 sibi
1067 2627 1237 2691 quaerere,
1261 2611 1307 2675 vi·

152 2720 244 2800 tavit,
267 2735 308 2782 ne
324 2733 419 2797 agros
435 2713 654 2794 Pergamenos
677 2711 809 2774 intraret
824 2729 887 2775 neu
902 2709 1058 2775 adversus
1075 2727 1184 2774 eorum
1201 2729 1310 2792 regem

153 2819 287 2887 hostilia
314 2815 472 2881 indueret.
516 2814 647 2878 Minime
675 2831 753 2878 vero
783 2831 855 2878 oum
884 2811 1077 2877 Fraenkelio
1107 2813 1225 2895 sonito,
1255 2815 1311 2895 qui

153 2923 223 2996 (1.1.
247 2940 278 3005 p.
296 2919 349 2991 46)
374 2914 537 2982 contendit
559 2915 746 2994 Eumenem,
769 2934 842 2979 cum
858 2912 1003 2978 Rhodios
1023 2911 1193 2978 adiuvaret
1215 2933 1309 2979 oona·

153 3032 204 3090 tos
233 3021 414 3088 Ptolemaei
444 3018 629 3084 civitatibus
658 3018 755 3084 sociis
783 3016 939 3082 auxilium
972 3015 1057 3080 ferre
1090 3020 1123 3079 et
1150 3013 1309 3082 Antiocho

153 3123 343 3211 procedenti
377 3122 545 3202 resistere,
578 3120 747 3186 victoriam
780 3119 821 3184 ab
858 3115 1018 3184 Antiocho
1052 3120 1234 3198 reportasse
1267 3117 1310 3182 ud

153 3227 346 3310 Harpasum,
370 3223 486 3290 Cariae
508 3221 635 3290 flumen.
680 3221 813 3286 Innixus
842 3227 949 3286 autem
978 3225 1027 3286 est
1055 3219 1106 3283 vir
1127 3217 1241 3285 doctus
1263 3220 1310 3284 in·

154 3329 327 3413 scriptione
356 3346 408 3392 no.
426 3327 466 3389 58
496 3346 527 3409 p.
545 3328 596 3408 46,
630 3343 726 3407 quam
760 3323 807 3388 sic
840 3321 1111 3406 interpretandam
1141 3327 1173 3387 et
1200 3321 1243 3386 ad
1277 3321 1311 3386 id

155 3437 282 3513 tempus
304 3428 506 3495 referendam
530 3446 601 3492 esse
630 3426 810 3491 arbitretur.
856 3424 922 3489 Sed
951 3443 1068 3506 magno
1099 3442 1205 3488 errore
1236 3443 1309 3487 eum

154 3538 282 3617 captum
303 3549 385 3613 esse,
409 3549 480 3596 cum
503 3530 640 3612 primum
662 3546 790 3592 versum
813 3527 958 3610 expleret
981 3519 1217 3608 ΒΑΣΙΛΕ[ΥΣ
1235 3518 1311 3586 ΕΥ-

156 3629 319 3719 ΜΕΝΗΣ]
354 3639 403 3700 est
434 3631 648 3697 manifestum.
703 3628 787 3692 Nam
821 3626 965 3692 Rhodios
993 3627 1140 3692 civitates
1169 3625 1313 3691 Graecas

155 3737 312 3803 adversus
334 3732 527 3800 Antiochum
551 3734 671 3797 iuvisse
695 3731 879 3814 accepimus
907 3747 1012 3812 neque
1041 3747 1118 3794 vcro
1146 3728 1309 3811 proditum

155 3890 362 3902 —u-———-⁴·—·

244 3991 267 4053 t)
286 3986 336 4040 cir.
364 3987 422 4040 Lir.
449 3983 564 4038 XXXII.
593 3988 617 4038 8.
646 3987 744 4051 9sqq.,
771 3981 972 4036 Mommsen:
1001 3982 1018 4035 1.
1038 3981 1054 4033 I.
1082 3980 1103 4035 I.
1131 3997 1159 4049 p.
1181 3983 1310 4048 tttsqq,

156 4075 274 4130 Stark:
295 4072 370 4126 caza
380 4069 434 4124 und
445 4070 487 4125 die
499 4067 701 4138 philistaeische
711 4066 806 4122 Khsta.
825 4067 886 4121 Jen.
903 4069 967 4120 1852
981 4082 1007 4133 p.
1019 4070 1067 4119 402
1078 4080 1145 4134 sqq,
1169 4063 1308 4117 Nissen:

155 4162 173 4215 l.
192 4162 209 4213 l.
228 4175 254 4228 p.
269 4161 333 4221 134,
353 4156 581 4210 Buschmaun:
601 4153 619 4208 Ι.
637 4154 655 4207 l.
675 4169 702 4220 p.
717 4156 756 4205 12.
