3308 5000
785 403 998 465 ..73-

318 569 384 636 citu
407 569 572 637 transiisse
595 571 754 655 exposuit.
798 569 889 648 Quae
911 572 1009 654 vulgo
1032 572 1078 637 ita
1099 572 1327 655 intelleguntur
1349 593 1370 639 a
1391 574 1469 640 viria

318 670 421 738 doctis
446 671 512 750 (cfr.
536 672 651 740 Meier:
682 675 702 738 l.
719 674 739 738 1.
763 693 796 756 p.
813 676 890 755 372,
920 672 1016 739 lhne:
1039 673 1059 739 l.
1076 674 1097 738 1.
1121 695 1151 758 p.
1166 677 1224 756 96,
1248 674 1468 742 Buschmann:

317 775 337 839 l.
354 775 375 838 l.
398 794 429 857 p.
449 778 510 857 14),
532 781 568 840 11
588 774 766 842 Antiochus
790 794 829 841 eo
850 782 994 859 tempore
1016 776 1049 840 in
1064 777 1168 861 ipsam
1184 773 1353 842 Graeciam
1369 783 1469 844 trans-

316 895 461 958 gressum
490 897 561 944 esse
590 883 764 942 autument.
809 879 852 942 At
879 884 1086 962 praepostere
1115 879 1164 944 illi
1193 877 1324 962 quidem
1348 879 1469 947 iudiea-

317 984 443 1044 verunt:
466 998 540 1044 nam
552 980 678 1045 Attalus
701 979 766 1045 iam
790 987 927 1047 exeunte
951 999 1027 1046 vere
1049 982 1103 1046 vel
1125 981 1230 1063 prima
1251 987 1375 1048 aestate
1389 983 1466 1048 anni

317 1081 581 1149 tenacius.
609 1082 742 1147 Romam
771 1082 919 1148 renitet
947 1082 1124 1149 Antiochus
1153 1090 1305 1148 autumno
1339 1082 1467 1150 demum

317 1183 462 1250 eiusdem
484 1185 570 1269 anni,
593 1190 763 1268 postquam
779 1184 890 1250 Thoas
913 1185 1028 1250 iterum
1050 1185 1166 1252 missus
1188 1187 1230 1251 ab
1245 1184 1370 1252 Aetolis
1392 1205 1465 1252 eum

316 1285 445 1352 edocuit
467 1287 707 1352 Demetriadem
737 1285 779 1350 ab
801 1275 926 1352 Aetolis
956 1293 1145 1369 occupatam
1176 1305 1263 1370 esse,
1298 1289 1466 1354 consilium

316 1390 403 1471 cepit
420 1390 453 1454 in
469 1389 639 1454 Graeciam
661 1388 772 1471 copias
794 1388 963 1454 traiciendi
987 1388 1055 1468 (cfr.
1074 1389 1144 1452 Liu.
1161 1389 1297 1480 XXXV.
1314 1393 1364 1475 42,
1381 1393 1464 1475 App.

315 1489 386 1574 Syr.
406 1494 468 1566 121.
514 1490 576 1569 Qui
599 1491 696 1573 igitur
717 1489 787 1556 fieri
811 1490 922 1572 potuit,
951 1496 985 1556 ut
1007 1493 1133 1557 Attalus
1162 1493 1379 1576 compluribus
1402 1493 1467 1558 iam

316 1593 477 1660 mensibus
505 1601 579 1659 ante
608 1593 683 1658 talis
713 1591 879 1657 cuiusdam
908 1595 1044 1658 rumoris
1067 1593 1189 1660 Romae
1218 1600 1329 1660 auctor
1357 1594 1467 1660 esset?

315 1692 461 1771 Quonam
484 1700 590 1760 autem
615 1714 729 1760 reuera
752 1695 852 1760 Attali
875 1696 931 1760 ille
953 1696 1081 1761 nuntius
1107 1694 1294 1763 referendus
1321 1697 1378 1780 sit,
1405 1717 1466 1782 pro

314 1801 401 1862 certo
424 1797 617 1864 contendere
640 1817 703 1862 non
726 1797 829 1863 ausim
852 1796 950 1880 idque
970 1796 1063 1863 Livio
1087 1798 1212 1864 crimini
1235 1797 1387 1880 dandum,
1410 1800 1465 1881 qui

313 1917 354 1963 ne
377 1918 440 1965 nno
464 1898 594 1981 quidem
618 1899 718 1965 verbo
740 1899 905 1964 nobiseum
934 1900 1182 1965 communicavit
1210 1919 1264 1983 ea,
1295 1902 1467 1983 1111111-

313 1999 440 2067 tiochus
470 2001 536 2084 egit
565 2000 640 2066 inde
669 2021 689 2066 a
719 2021 794 2066 vero
821 2002 896 2066 anni
923 2004 981 2067 193
1004 2021 1105 2085 usque
1128 2002 1170 2067 ad
1192 2007 1378 2068 autumnum
1405 2006 1464 2068 192

312 2123 341 2168 1.
357 2102 432 2169 (ihr.
448 2125 490 2186 n.,
514 2124 577 2187 quc
600 2110 743 2187 tempore
760 2122 831 2169 eum
848 2103 1028 2188 Smyrnam,
1046 2104 1276 2170 Alexandriam
1291 2105 1463 2187 Troadem,

313 2205 527 2290 Lampsacum
551 2205 790 2290 oppugnavisse
812 2205 919 2271 refert.
956 2204 992 2271 Si
1015 2208 1147 2272 veroin
1171 2213 1260 2273 tanta
1281 2227 1385 2272 rerum
1407 2207 1461 2272 oh·

312 2311 463 2374 scuritate
485 2309 528 2374 ad
550 2311 766 2374 coniecturam
790 2309 938 2390 refugere
960 2310 1045 2386 licet,
1069 2308 1220 2392 equidem
1243 2308 1275 2374 id
1297 2309 1464 2376 verisimil-

311 2411 423 2478 limum
446 2409 593 2478 duxerim
617 2409 809 2476 Antiochum
834 2431 911 2476 uere
940 2412 1015 2476 anni
1041 2415 1145 2476 1911.
1162 2410 1236 2478 0111.
1254 2432 1283 2475 1.
1306 2413 1339 2476 11
1362 2409 1462 2477 Thra·

311 2513 394 2577 eiam
418 2514 531 2578 iterum
556 2533 626 2578 esse
642 2513 821 2595 protectum
836 2519 935 2595 atque
949 2514 992 2579 ad
1008 2513 1091 2580 hanc
1106 2513 1347 2599 expeditionem
1364 2514 1463 2580 Attali

311 2615 455 2680 nuntium
479 2615 693 2680 revocandum
718 2633 799 2680 esse.
845 2615 932 2680 Fieri
962 2616 1058 2682 etiam
1081 2618 1194 2701 potuit,
1218 2622 1253 2682 ut
1275 2615 1462 2697 Antiochus,

311 2736 383 2782 cum
405 2718 581 2784 exereitum
604 2718 636 2782 in
659 2716 832 2781 Thraciam
857 2716 1025 2784 traducere
1048 2719 1155 2782 animo
1178 2716 1384 2796 intendisset,
1412 2739 1464 2784 oo-

310 2821 381 2903 piaa
405 2841 445 2886 ex
469 2821 591 2886 castris·
605 2819 747 2886 hibernis
771 2819 982 2900 contraheret,
1006 2819 1093 2903 quod
1115 2820 1330 2902 suspicionem
1360 2821 1461 2886 movit

310 2924 471 3006 Eumenis,
494 2924 549 3006 qui
571 2923 745 2989 arbitratus
768 2923 858 2986 illum
874 2923 1050 2987 exercitum
1067 2923 1099 2985 in
1115 2921 1277 3004 Europam
1294 2921 1461 2987 ducturum

309 3045 380 3092 csse
403 3025 564 3091 Romanos
588 3023 629 3089 de
653 3023 702 3089 his
725 3023 819 3089 rebus
844 3025 995 3089 certiores
1021 3023 1107 3088 fecit.
1153 3023 1265 3106 Neque
1288 3041 1366 3090 vero
1388 3024 1461 3090 illos

310 3129 509 3210 ignoravisse
533 3128 707 3192 Eumenem
732 3127 791 3192 sibi
816 3126 956 3193 officium
980 3125 1179 3207 praestitisse
1201 3144 1264 3190 non
1287 3125 1361 3190 1111
1377 3127 1462 3208 quis·

308 3231 395 3312 piam
417 3230 513 3294 facile
536 3229 709 3294 coniecerit
730 3230 782 3293 vel
805 3228 892 3310 inde,
916 3227 1003 3311 quod
1026 3235 1058 3292 et
1080 3228 1255 3293 Eumenem
1272 3233 1305 3292 et
1319 3228 1461 3294 Attalum

307 3331 460 3413 praemiis
505 3338 537 3395 et
576 3330 749 3396 honoribus
787 3331 995 3412 amplissimis
1036 3330 1237 3395 donaverunt
1286 3323 1356 3409 (cir.
1391 3329 1461 3393 Lis.

306 3432 441 3498 XXXV.
459 3435 509 3499 23.
529 3436 588 3509 11).
