3308 5000
643 407 770 470 ..153
816 439 855 452 .-

179 577 309 654 praetar
342 592 413 640 eam
455 575 607 655 cassem,
646 575 698 640 cui
731 576 769 640 A.
810 575 927 642 Atilius
966 581 1096 658 praetor
1132 579 1337 659 praelaturus

181 681 260 758 erat,
283 682 409 740 centum
432 677 678 758 quinqueremes
700 685 851 758 pararent
872 677 941 752 (cir.
958 677 1028 742 Liv.
1046 697 1072 743 e.
1089 680 1139 742 21.
1159 683 1197 752 1).
1244 681 1334 748 Post·

180 795 278 858 quam
301 782 408 841 autem
432 777 532 858 legati
554 776 596 842 ab
617 776 778 843 Antiocho
800 784 833 844 et
855 779 999 846 humane
1013 779 1147 868 Romam
1171 780 1336 850 redierunt

180 885 214 944 et
242 878 325 944 sicut
348 876 552 944 Achaeorum
575 878 675 960 legati
696 880 923 946 nuntiaverunt
944 879 1051 946 Nahin
1079 888 1189 948 eontra
1218 881 1335 952 foedus

180 981 373 1046 maritimam
396 999 485 1046 oram
507 979 671 1046 Laconum
695 999 898 1063 oppugnare,
922 982 960 1046 A.
982 983 1100 1048 Atilius
1130 1001 1202 1048 cum
1230 985 1333 1052 classa

179 1083 213 1146 in
236 1083 405 1149 Graeciam
429 1081 545 1146 missus
574 1087 624 1147 est
651 1081 693 1146 ad
723 1082 874 1164 tuendos,
905 1089 939 1147 ut
966 1084 1012 1147 ait
1039 1082 1151 1150 Livius
1179 1104 1204 1150 c
1229 1087 1288 1152 22..
1303 1089 1333 1168 2,

179 1185 285 1250 socios
299 1184 375 1261 (cfr.
400 1205 427 1249 c.
451 1185 501 1248 23.
526 1185 556 1258 4)
580 1189 612 1249 et
634 1184 781 1251 consules
804 1183 860 1250 (ln.
877 1185 1037 1250 Domitius
1059 1191 1091 1250 et
1112 1185 1148 1249 L.
1166 1183 1333 1263 Quinctius

184 1307 205 1351 n
223 1286 409 1370 provincias
424 1285 560 1369 proiecti
577 1292 657 1350 sunt.
683 1284 805 1350 Eodem
820 1293 928 1352 autem
945 1293 1089 1367 tempore
1100 1287 1138 1352 Τ.
1153 1285 1333 1374 Quinctius,

179 1387 237 1454 Gn.
267 1387 438 1468 Octavius,
469 1387 525 1452 (ln.
549 1387 723 1467 Servilius,
746 1387 782 1451 P.
807 1387 921 1454 Villius
948 1389 1047 1470 legati
1076 1399 1240 1472 comperto
1268 1395 1332 1458 An-

178 1488 332 1570 tiochum,
355 1509 426 1556 cum
443 1492 476 1554 in
491 1488 652 1555 Aetoliam
667 1490 819 1570 venisset,
836 1491 999 1572 extemplo
1015 1491 1118 1556 classe
1138 1491 1170 1554 in
1187 1491 1333 1560 Siciliam

178 1593 405 1674 navigaturum
429 1609 500 1657 esse
523 1596 556 1656 et
578 1610 651 1656 cum
667 1589 911 1673 Hellespontum
927 1612 999 1658 eum
1014 1593 1158 1658 exercitu
1180 1595 1333 1661 transisse

180 1700 212 1758 et
239 1693 374 1759 Aetolos
402 1693 449 1758 ita
476 1711 511 1758 se
540 1712 672 1776 parare,
705 1699 741 1758 ut
769 1695 827 1760 sub
857 1693 1032 1760 adventum
1067 1695 1135 1760 eius
1169 1696 1201 1760 in
1234 1697 1332 1764 armis

179 1801 301 1876 essent,
331 1796 365 1858 in
393 1794 562 1860 Graeciam
594 1794 684 1860 missi
712 1801 800 1875 suut,
835 1797 911 1876 quia
942 1815 1005 1861 non
1035 1796 1137 1877 copiis
1166 1795 1277 1880 modo,
1298 1805 1333 1863 ut

178 1897 252 1962 Liri
274 1917 302 1964 c.
327 1899 378 1961 23.
402 1901 421 1960 5
444 1896 552 1962 verbis
575 1903 662 1978 utar,
685 1896 742 1961 sad
766 1897 862 1962 ctiam
884 1899 1072 1963 auctoritate
1096 1915 1177 1980 opus
1199 1905 1268 1964 erat
1289 1898 1332 1964 ad

178 1997 333 2065 tenendos
356 2000 515 2065 socierum
537 1998 670 2064 animos.

265 2101 349 2166 Dum
378 2099 459 2165 haec
487 2108 653 2181 geruntur,
683 2098 785 2165 Nabis
814 2099 892 2164 belli
925 2099 1049 2163 initium
1080 2100 1215 2180 lecerat,
1245 2100 1332 2182 quod

177 2201 291 2269 Livius
315 2223 340 2268 c.
367 2205 406 2268 13
437 2201 487 2266 his
516 2202 628 2283 paucis
658 2202 766 2266 verbis
791 2203 939 2283 exponit:
969 2200 1096 2266 Nabis
1125 2203 1331 2285 extemplo

178 2307 292 2370 cirea
314 2304 441 2369 omnis
462 2303 688 2368 maritimos
711 2305 826 2368 vicos
849 2302 1009 2370 dimisit
1029 2302 1078 2366 ad
1101 2302 1332 2370 seditiones

177 2409 217 2472 in
240 2407 295 2472 iis
318 2403 567 2484 miscendas,
591 2411 630 2469 et
651 2405 1134 2487 aliosprincipumdonis
1156 2403 1331 2472 adsuam

179 2528 339 2576 causam
371 2505 581 2592 perduxit,
615 2508 722 2572 alios
755 2507 1034 2589 pertinaciter
1062 2507 1101 2571 in
1130 2508 1333 2574 societate

178 2612 353 2678 Romana
374 2609 577 2675 manentis
600 2608 762 2674 occidit,
793 2607 970 2674 Achaeis
987 2611 1161 2674 omnium
1178 2611 1332 2676 mariti-

177 2730 327 2776 morum
364 2713 564 2778 Laconum
601 2710 840 2775 tuendorum
878 2731 898 2774 a
934 2710 971 2772 Τ.
1007 2707 1198 2786 Quinctio
1237 2731 1333 2778 cura

177 2811 368 2878 mandata
401 2821 496 2880 erat.
542 2813 687 2894 Itaque
723 2811 933 2893 extemplo
971 2818 1007 2874 et
1039 2811 1086 2875 ad
1119 2819 1333 2894 tyrannum

177 2914 340 2996 legatos
356 2917 568 2995 miserunt,
586 2914 653 2995 qui
668 2913 936 2978 admonerent
955 2912 1134 2978 foederis
1150 2914 1332 2996 Romani,

175 3015 567 3098 denuntiaremus,
601 3034 647 3080 ne
678 3035 831 3099 pacem,
864 3033 980 3096 quam
1013 3021 1230 3097 tantopere
1263 3035 1331 3098 pc·

178 3119 318 3202 iisset,
361 3121 563 3199 turbaret,
602 3123 641 3182 et
676 3116 838 3181 auxilia
881 3116 928 3180 ad
967 3116 1180 3200 Gytheum,
1226 3117 1332 3200 quod

178 3222 257 3286 iam
287 3222 597 3306 oppugnabatur
627 3219 674 3283 uh
704 3225 892 3302 tyranno,
916 3225 957 3282 st
987 3219 1164 3300 Romam,
1188 3223 1255 3302 qui
1287 3241 1332 3288 aa

175 3325 428 3406 nuntiarent,
458 3325 617 3405 legatos
648 3321 855 3386 miserunt.
904 3321 1107 3404 Recuperare
1141 3323 1238 3403 igitur
1259 3323 1330 3388 Na·

176 3425 227 3491 bis
265 3433 397 3491 mantus
432 3431 480 3490 est
517 3424 693 3488 maritimas
727 3421 891 3504 civitates,
926 3441 943 3486 e
978 3424 1093 3505 quibus
1126 3443 1147 3487 a
1180 3424 1331 3490 Romanis

175 3527 329 3612 depulsus
367 3533 450 3608 erat,
488 3535 520 3590 et
556 3527 748 3608 Argivorum
787 3525 899 3589 urbem
937 3524 1006 3599 (cir.
1036 3525 1105 3588 Liv.
1141 3545 1167 3590 c.
1200 3526 1248 3588 18.
1279 3527 1330 3600 5.).

177 3629 310 3695 Summa
347 3634 454 3694 autem
488 3629 521 3693 ri
549 3627 712 3711 Gytheum
747 3626 902 3709 oppidum
936 3628 1136 3708 oppugnavit
1169 3626 1235 3703 (cfr.
1259 3626 1329 3690 Liv.

177 3752 203 3799 c.
227 3734 301 3806 25).
347 3729 441 3808 Quod
470 3749 541 3795 cum
572 3730 613 3794 ab
642 3727 781 3794 Achaeis
811 3727 1052 3807 defenderetur,
1081 3727 1209 3792 illorum
1236 3747 1330 3810 agros

176 3831 355 3900 ulciscendi
392 3853 489 3898 causa
526 3832 698 3916 populatus
737 3835 794 3896 est.
853 3829 975 3894 Tamen
1014 3827 1138 3894 Achaei
1174 3829 1330 3896 adversus

176 3943 346 4020 tyrannum
369 3954 433 4002 nou
455 3935 544 4022 prius
567 3954 657 4000 arma
680 3940 841 4016 ceperunt,
866 3951 961 4014 quam
983 3931 1082 4013 legati
1099 3931 1201 3995 Romu
1224 3950 1329 3995 rever·

176 4044 291 4104 terunt.
321 4037 403 4103 Tum
418 4036 592 4120 Sicyonem
608 4035 779 4102 concilium
796 4034 975 4100 edixerunt.
1002 4033 1063 4098 -De
1079 4039 1208 4098 senatus
1224 4038 1330 4098 autem

175 4158 330 4222 responso
358 4138 440 4203 nihil
473 4138 686 4221 comperimus
714 4155 819 4218 neque
853 4145 959 4200 tamen
988 4134 1119 4200 dubium
1150 4153 1221 4200 esse
1250 4132 1329 4199 mihi
