3308 5000
806 343 1017 406 ..80-

336 516 482 595 tempore
505 512 537 575 in
561 511 730 577 Graeciam
760 512 934 594 navigasse
963 513 1120 593 sciamus,
1149 513 1249 577 multo
1279 511 1397 577 clarius
1424 515 1492 576 tota

336 632 387 679 res
410 612 596 695 illustratur,
619 613 697 696 quia
719 613 937 696 colligendum
960 619 1009 679 est
1030 632 1154 695 regem,
1178 613 1330 696 quoniam
1352 613 1420 678 illic
1442 621 1492 678 est

339 720 568 797 commoratus,
600 715 787 798 priusquam
813 715 851 779 Τ.
875 714 1043 793 Quinctius
1072 715 1210 781 nauibus
1231 712 1275 779 ad
1300 714 1490 781 Chalcidem

336 815 522 898 accederet,
551 818 616 883 iam
646 836 685 882 eo
714 823 859 899 tempore
889 818 934 882 ibi
962 815 1122 900 adfuisse,
1156 836 1220 900 quo
1241 817 1350 884 Aetoli
1379 817 1490 882 urbem

339 937 497 1001 occupare
520 923 593 984 sunt
616 919 732 984 conati.
776 918 901 986 lavisse
924 925 1032 986 autem
1054 919 1230 986 Eumenem
1254 939 1326 1003 eos,
1350 919 1406 1002 qui
1428 919 1491 985 Ro-

337 1039 504 1086 manorum
527 1026 626 1102 erant,
650 1021 747 1086 facile
770 1019 882 1086 estad
904 1020 1165 1105 perspiciendum
1194 1041 1329 1105 eamque
1353 1021 1394 1086 ob
1417 1039 1490 1086 cau·

338 1142 405 1189 sam
436 1121 668 1189 Chalcidenses
695 1124 821 1188 cavisse
851 1123 965 1204 credo,
999 1144 1040 1190 ne
1072 1123 1114 1188 ad
1145 1123 1277 1192 Aetolos
1310 1122 1490 1190 transirent.

336 1224 393 1292 Sic
416 1227 514 1291 etiam
536 1226 632 1308 plane
662 1225 858 1307 intellegitur
880 1223 1141 1292 Chalcidensium
1170 1245 1374 1310 responsum,
1405 1223 1493 1306 quod

337 1326 449 1392 Livius
472 1325 606 1392 exhibet
628 1325 648 1390 l.
665 1325 802 1390 XXXV.
824 1327 874 1390 38.
894 1329 948 1390 10:
971 1345 1006 1392 sc
1028 1345 1106 1394 vero
1128 1345 1247 1408 negare
1263 1323 1493 1392 Chalcidenses

339 1435 396 1494 aut
416 1429 539 1493 servire
562 1428 619 1493 ulli
643 1432 699 1492 aut
720 1427 884 1510 praesidio
900 1429 1089 1511 cuiusquam
1112 1447 1224 1510 egere:
1247 1447 1322 1494 nam
1344 1427 1385 1494 ils
1400 1446 1492 1510 prae·

340 1529 424 1595 sidio
448 1537 539 1595 erant
561 1536 690 1612 praeter
711 1529 835 1594 auxilia
850 1530 1079 1596 EretrIensium
1102 1535 1135 1596 et
1149 1529 1368 1613 Carystiorum
1390 1547 1492 1596 naves

338 1631 568 1714 Pergamenae.
607 1630 731 1708 Quibus
747 1630 788 1696 de
804 1631 910 1698 causis
925 1631 1006 1697 nihil
1023 1631 1122 1697 habet
1137 1630 1323 1698 offensionis
1335 1629 1493 1696 Thoantis

338 1733 590 1816 Aetolorumque
613 1733 791 1800 discessus:
819 1753 893 1798 nam
917 1733 980 1815 illi,
1004 1734 1172 1818 quispam
1196 1753 1339 1816 omnem,
1363 1739 1398 1800 ut
1419 1733 1493 1798 Livi

339 1834 441 1917 ipsIus
456 1834 564 1902 verbis
580 1841 660 1917 utar,
684 1836 716 1900 in
740 1855 788 1917 eo,
812 1841 847 1900 ut
862 1836 1037 1919 improviso
1054 1837 1282 1920 opprimerent,
1305 1834 1493 1915 habuerant,

338 1936 382 2001 ad
405 1938 522 2003 iustum
544 1937 665 2003 bellum
689 1938 1027 2020 oppugnationemque
1050 1938 1138 2004 urbis
1160 1939 1242 2004 mari
1257 1957 1297 2003 ac
1319 1945 1404 2003 terra
1426 1955 1493 2002 mu·

339 2040 427 2105 uitae
450 2039 700 2123 haudquaquam
724 2059 817 2122 pares
840 2040 969 2106 domum
992 2039 1127 2106 rediere.

428 2142 506 2210 Post
528 2143 566 2208 T.
583 2140 713 2219 Quincti
735 2142 910 2209 adventum
931 2143 972 2207 ab
996 2143 1139 2208 Eumene
1162 2143 1354 2225 quingentos
1376 2143 1494 2207 milites

340 2244 385 2309 ad
407 2244 520 2309 urbem
542 2243 780 2310 defendendam
795 2244 837 2310 ab
852 2244 977 2310 Aetolis
993 2243 1149 2310 Chalcide
1170 2245 1309 2328 relinqui
1331 2250 1364 2312 et
1385 2263 1493 2328 regem

342 2346 458 2428 ipsum,
482 2365 555 2412 cum
577 2347 615 2412 T.
632 2344 800 2423 Quinctius
816 2345 1057 2412 Demetriadem
1079 2345 1225 2412 tenderet
1247 2345 1291 2412 ad
1312 2347 1425 2413 urbem
1446 2366 1494 2413 re·

340 2445 586 2531 conciliandam,
611 2445 754 2514 Athenas
778 2448 824 2513 ire
846 2447 977 2530 placuit
1016 2445 1088 2524 Qua
1108 2467 1144 2514 re
1158 2447 1363 2515 confirmatur
1378 2450 1493 2516 Eume-

341 2569 415 2614 nem
437 2550 533 2614 enixe
556 2569 688 2633 operam
717 2549 863 2631 dedisse,
893 2555 928 2616 ut
956 2549 1101 2631 singulas
1123 2550 1320 2617 Graecorum
1347 2553 1495 2620 civitates

342 2651 376 2718 in
398 2651 552 2717 societate
576 2652 723 2718 Romana
745 2657 915 2718 coerceret.
961 2651 1011 2716 lix
1026 2651 1099 2716 Livi
1123 2653 1207 2718 enim
1231 2653 1340 2720 verbIs
1364 2675 1391 2721 c.
1409 2659 1495 2720 50.4

341 2759 391 2818 est
423 2753 628 2820 manifestum
661 2752 796 2820 Athenis
831 2753 978 2820 homines
1012 2753 1165 2820 RomanIs
1205 2755 1429 2825 infestissimos
1462 2758 1495 2822 id

342 2854 513 2937 studuisse,
536 2862 572 2922 ut
593 2857 749 2940 populum
772 2856 815 2922 ad
831 2861 990 2923 vetustam
1008 2857 1195 2922 societatem
1213 2854 1423 2932 Aetolioam')
1446 2875 1496 2921 rs·

339 2956 502 3024 ducerent.
541 2958 623 3024 Tum
648 2958 779 3041 quidam
801 2956 1037 3024 multitudinem
1054 2976 1112 3040 spe
1128 2958 1333 3041 largitionum
1349 2958 1496 3026 venalem

340 3059 445 3141 pretio
468 3058 512 3125 ad
533 3059 727 3125 Antiochum
751 3058 878 3126 trahere
901 3059 1007 3126 conati
1029 3065 1102 3125 sunt
1123 3079 1228 3143 neque
1251 3061 1383 3126 multum
1406 3060 1495 3143 aluit,

342 3160 419 3241 quin
448 3160 566 3226 seditio
597 3169 852 3230 commoveretur
881 3168 914 3228 ct
936 3161 1068 3227 Piraeus
1098 3162 1131 3226 in
1159 3162 1287 3228 illorum
1316 3181 1429 3228 manus
1452 3164 1496 3228 in·

342 3259 473 3328 uideret
518 3260 643 3340 Quibus
673 3263 810 3346 cognitis
839 3265 877 3329 Τ.
902 3262 1081 3345 Quinctius,
1110 3283 1184 3330 cum
1213 3265 1284 3347 ipse
1306 3263 1495 3332 Chalcidem

343 3363 506 3446 profectus
531 3363 771 3432 Demetriadem
795 3373 935 3449 peteret,
964 3365 1141 3432 Eumenem
1164 3364 1309 3433 Athenas
1337 3367 1435 3449 misit,
1464 3376 1497 3434 ut

341 3467 465 3531 animos
495 3465 624 3532 sedaret
652 3473 684 3532 ct
713 3467 863 3533 Piraeum
893 3468 1029 3534 navibus
1059 3469 1126 3534 suis
1154 3473 1285 3534 teneret
1337 3466 1428 3547 Quae
1456 3490 1497 3536 ox

343 3568 502 3633 sententia
524 3569 610 3652 regis
633 3571 827 3637 successisse
851 3569 1016 3651 videntur,
1039 3589 1113 3636 nam
1135 3571 1219 3636 inter
1241 3589 1352 3636 omnes
1374 3579 1498 3640 constat

345 3670 382 3734 Τ.
407 3668 592 3747 Quinctium
616 3677 730 3755 postea
751 3673 792 3738 ab
814 3673 855 3738 iis
878 3672 1025 3754 accitum,
1049 3672 1105 3755 qui
1127 3672 1377 3740 aRomanorum
1401 3676 1496 3760 parti·

342 3773 401 3838 hus
432 3778 568 3855 starent,
599 3774 789 3856 perfecisse,
820 3781 854 3838 ut
882 3791 960 3838 suae
989 3777 1089 3857 partis
1119 3773 1332 3841 Athenienses
1362 3773 1498 3840 victoria

430 4007 520 4070 ttclr.
549 4007 628 4060 Inue:
652 4007 670 4062 l.
690 4008 706 4060 l.
731 4007 780 4062 111.
810 4025 836 4076 p.
855 4011 971 4078 sasqq.;
1003 4009 1166 4077 Hertzberg:
1191 4008 1208 4061 l.
1227 4009 1246 4062 l.
1269 4010 1290 4062 l.
1314 4024 1342 4078 p.
1366 4013 1498 4078 ltbsqq.;

342 4091 400 4146 Iis.
420 4090 533 4146 XXXV.
552 4093 594 4147 32.
615 4095 639 4156 l,
658 4090 797 4146 XXXVII.
818 4099 842 4148 6.
861 4100 885 4160 l,
905 4094 1058 4150 XXXVIII.
1078 4101 1102 4148 9.
1122 4099 1146 4150 3.
