3308 5000
857 1425 901 1490 IV

305 1575 366 1660 DE
391 1576 552 1659 eunus
581 1575 789 1660 EUNENIS
820 1573 958 1660 suuis
991 1575 1087 1659 (ΕΗ-Μ
1114 1573 1288 1658 NABIDE
1321 1575 1456 1660 nudu-

483 1711 824 1818 uuuuoulouuu
850 1710 1073 1795 suetudo
1097 1709 1268 1796 oucule.

391 1904 483 1970 Prius
507 1904 641 1986 bellum,
672 1904 758 1988 quod
782 1902 927 1980 Romani,
951 1902 1111 1968 Eumenes
1133 1920 1192 1966 rex
1221 1902 1344 1986 aliique
1374 1905 1455 1970 socii

307 2005 445 2089 Nabidi,
480 2004 808 2076 Lacedaemoniorum
840 2011 977 2088 tyranno
989 1999 1027 2086 ¹),
1068 2003 1243 2069 intulerunt
1275 2025 1359 2071 anno
1397 2011 1455 2072 195

306 2129 335 2174 a.
359 2107 431 2173 Chr.
456 2128 497 2187 n.,
522 2109 615 2176 sicuti
638 2129 658 2174 a
680 2107 817 2191 Polybio
842 2111 910 2172 erat
931 2113 1112 2188 narratum,
1136 2126 1156 2170 a
1177 2106 1279 2172 vLiuio
1302 2107 1452 2174 XXXIV.

306 2213 346 2275 22
359 2230 428 2294 sqq.
452 2210 625 2295 praebetur
648 2211 715 2287 (cfr.
732 2210 865 2276 Nissen:
890 2209 911 2272 1.
936 2209 956 2274 l.
979 2229 1010 2293 p.
1031 2211 1200 2291 159sqq.);
1223 2208 1264 2274 de
1288 2230 1361 2294 qno,
1385 2231 1456 2277 cum

306 2315 370 2379 iam
401 2332 499 2398 saepe
530 2311 689 2380 subtiliter
720 2313 960 2395 disputatnma
991 2311 1067 2377 viris
1098 2310 1201 2377 doctis
1231 2331 1335 2395 neque
1366 2313 1457 2396 quid·

306 2435 401 2498 quam
436 2415 469 2479 in
503 2415 722 2481 controversia
754 2413 900 2479 relictum
935 2413 992 2495 sit,
1026 2431 1169 2497 provoco
1197 2413 1241 2479 ad
1272 2416 1455 2498 praeclaros

307 2517 380 2584 illos
403 2517 512 2597 libros,
536 2518 569 2580 in
593 2517 709 2599 quibus
733 2536 783 2582 res
806 2516 863 2581 illa
885 2521 991 2581 aetate
1021 2521 1132 2598 gestae
1163 2515 1345 2600 descriptae
1373 2525 1456 2603 sunt,

307 2619 554 2686 Mommseni:
578 2618 750 2684 Rumische
773 2616 968 2684 Gesehichte
991 2617 1096 2684 Berol.
1113 2620 1204 2682 1861.
1218 2619 1241 2683 1.
1255 2640 1285 2703 p.
1301 2623 1362 2684 715
1375 2641 1455 2704 sqq.,

308 2720 438 2787 Ibnei:
472 2719 642 2788 Romische
665 2719 859 2787 Geschiehte
882 2719 938 2784 111.
970 2741 1000 2804 p.
1025 2726 1065 2784 55
1081 2740 1162 2803 sqq„
1192 2720 1457 2805 Hertzbergi:

305 2823 500 2901 Geschichte
534 2821 789 2889 Grieohenlands
824 2827 916 2888 nnter
944 2822 1001 2888 der
1031 2821 1220 2890 Herrschast
1250 2822 1309 2888 der
1338 2825 1457 2892 Rbmer

305 2928 378 2992 Hal.
405 2928 487 2992 1866
509 2925 533 2990 I.
557 2947 588 3010 p.
605 2927 645 2989 85
658 2945 726 3009 sqq.
750 2946 811 2991 nec
833 2945 895 2990 non
924 2925 966 2992 ad
996 2925 1137 2992 Meieri
1160 2925 1181 2989 l.
1206 2945 1231 2990 c.
1254 2944 1286 3009 p.
1311 2929 1372 2991 370
1386 2947 1455 3011 sqq.

304 3035 336 3096 et
358 3026 631 3096 Busohmanni
654 3029 674 3094 l.
699 3050 725 3095 c.
748 3051 780 3113 p.
801 3033 898 3110 11sq.

391 3131 455 3198 Sed
480 3131 578 3197 liceat
599 3131 677 3196 mihi
702 3132 897 3214 paucissima
918 3129 1040 3196 addere
1069 3128 1110 3194 de
1141 3126 1266 3195 dnobus
1289 3127 1390 3194 titulis
1412 3129 1455 3194 ad

304 3233 386 3298 illud
410 3233 528 3298 bellurn
544 3232 773 3317 spectantibus,
797 3235 851 3316 qni
873 3233 1054 3316 nuperrime
1075 3231 1225 3313 Pergami
1248 3239 1321 3297 sunt
1336 3232 1455 3316 reperti

305 3343 337 3402 et
359 3357 378 3400 a
402 3334 610 3400 Fraenkelio:
641 3334 660 3397 1.
685 3336 705 3397 1.
732 3356 763 3417 p.
788 3339 827 3398 47
840 3355 909 3418 sqq.
940 3335 971 3398 in
1002 3335 1105 3399 lucem
1136 3331 1259 3412 editi-b.
1312 3332 1454 3412 Quorum

304 3438 436 3504 alterins
470 3455 488 3504 e
521 3436 622 3502 tribus
655 3438 828 3502 constantis
861 3435 1047 3519 fragmentis
1089 3435 1220 3502 lacunas
1261 3455 1454 3519 quamquam

308 3611 508 3620 ---———--.-

395 3730 419 3782 11
437 3724 587 3780 Occasione
610 3723 702 3779 oblata
726 3724 768 3778 bio
791 3722 899 3777 afferam
927 3720 1038 3776 Nabidis
1066 3735 1162 3774 nomen
1187 3721 1266 3774 etiam
1293 3721 1405 3776 inveniri
1430 3723 1457 3774 in

305 3811 386 3866 titulo
404 3811 623 3880 Mycenensium,
647 3825 724 3879 quem
749 3808 872 3862 Tsounta
893 3807 920 3860 in
943 3806 1047 3876 ephem.
1067 3805 1140 3859 arch.
1163 3810 1226 3859 18111
1251 3823 1275 3875 p.
1298 3811 1344 3860 156
1369 3807 1458 3864 emisit

306 3902 334 3951 et
351 3897 380 3951 in
399 3911 515 3960 nummo,
534 3911 612 3963 quem
631 3896 765 3964 Lampsos
783 3895 809 3946 in
831 3893 898 3946 Buli.
916 3891 950 3946 de
968 3907 1037 3945 corr.
1051 3890 1150 3944 hellen.
1166 3895 1228 3945 1891
1248 3907 1275 3959 p.
1295 3897 1410 3962 tibsqq.
1428 3894 1456 3946 in

306 3983 394 4034 lucem
413 3980 497 4034 edidit
515 3989 541 4034 et
559 3997 638 4050 quem
656 3981 809 4050 nuperrime
826 3995 904 4032 suum
924 3978 989 4032 fecit
1006 3992 1126 4030 museum
1142 3977 1322 4032 Berolinense.
1350 3977 1455 4032 Notan-

306 4066 369 4120 dum
387 4071 476 4119 autem
495 4071 535 4120 est
553 4069 581 4121 et
598 4067 642 4120 bic
661 4065 759 4120 stillio
778 4068 902 4117 ΝΑΒΙΟΣ
920 4079 969 4132 pro
989 4065 1135 4114 ΝΑΒΙΔΟΣ
1154 4061 1283 4129 seriptum
1303 4077 1370 4116 esse.

393 4157 418 4216 2)
438 4151 488 4207 cir.
507 4153 632 4208 Couze:
654 4150 885 4208 Monatsbericbte
903 4149 950 4203 der
970 4147 1092 4202 Berliner
1110 4146 1255 4201 Academie
1275 4152 1347 4202 uest.
