3344 5008
694 429 884 490 ..9.-

149 685 153 690 .
216 601 288 666 11155
311 599 496 684 oppidaque
520 599 734 683 tradiderunt,
766 617 849 682 quae
872 603 907 663 ut
927 617 986 682 pro
1009 597 1130 664 meritis
1153 598 1185 661 in
1208 595 1362 680 populum

217 703 396 768 Romanum
419 703 449 769 ei
472 701 558 768 dono
582 701 733 767 darentur
756 707 885 767 senatus
907 701 1108 784 populusque
1124 699 1285 765 Romanus
1309 697 1363 762 de·

217 810 361 870 creverat
382 805 449 875 (cfr.
466 805 579 888 Polyb.
596 804 686 869 XXI.
703 806 753 868 24.
773 807 791 867 5
807 823 876 887 sqq.
901 806 989 868 5144
1012 821 1092 885 sqq,
1109 800 1177 866 Liv.
1194 799 1364 864 XXXVII.

215 905 307 986 obliti
331 912 364 971 et
385 905 568 973 XXXVIII.
591 910 630 971 37
643 908 736 990 5511)-
770 907 882 988 Itaque
906 902 1080 989 cistophori
1104 903 1241 969 litteram
1266 899 1296 961 Δ
1320 903 1363 966 15-

217 1014 323 1075 rentes
346 1009 393 1082 (B.
411 1010 548 1084 83-85)
570 1029 633 1074 555
656 1029 740 1074 5555
765 1011 825 1072 186
848 1028 877 1072 5.
890 1005 964 1072 Chr.
981 1028 1023 1089 n.‚
1046 1012 1081 1072 ut
1103 1005 1232 1071 Imhoof
1252 1003 1364 1085 voluit,

215 1110 274 1178 sed
297 1130 381 1177 anno
400 1114 460 1175 185
476 1113 619 1198 percussi
635 1118 751 1192 essent,
768 1112 795 1177 si
811 1111 938 1176 illorum
954 1115 1083 1175 moneta
1098 1114 1182 1175 esset
1196 1105 1363 1190 Thyatira.

301 1213 367 1279 Sed
384 1213 469 1296 inde,
493 1212 580 1297 quod
596 1212 725 1280 Imhool
744 1213 801 1278 1115
823 1213 885 1277 trIa
906 1213 988 1278 inter
1009 1231 1044 1278 se
1060 1209 1190 1277 diversa
1205 1228 1366 1275 nummum

169 1341 171 1346 ·
214 1334 336 1399 genera
348 1315 396 1393 (B.
415 1317 541 1380 83—85
554 1315 614 1380 tab.
630 1315 683 1381 IV.
701 1311 1366 1394 1-4)-151555555151551555555515,

216 1417 305 1485 cuius
328 1437 426 1482 unum
449 1418 634 1501 exemplum
657 1415 786 1484 Imhoof
805 1416 925 1500 profert
949 1415 983 1480 B.
1006 1417 1046 1479 85
1070 1416 1134 1481 151).
1157 1416 1210 1480 lV.
1233 1419 1263 1497 4,
1286 1412 1367 1478 duos

218 1519 421 1606 cistophoros
445 1555 482 1564 -
508 1518 621 1585 eodem
644 1539 728 1586 auno
752 1519 931 1600 eodemque
954 1520 986 1582 in
1003 1517 1123 1602 oppido
1147 1517 1274 1600 signata
1297 1533 1367 1581 esse

217 1623 358 1704 putavit,
381 1622 477 1688 facile
501 1621 641 1688 conicias
665 1642 736 1688 eum
766 1641 825 1706 per
855 1641 993 1686 errorem
1023 1620 1147 1702 lapsum
1177 1638 1264 1700 esse,
1295 1636 1367 1682 cum

221 1729 367 1806 quattuor
396 1723 453 1790 1115
487 1723 705 1807 cistophorum
734 1744 853 1808 genera
881 1722 929 1801 (Β.
955 1724 1092 1797 82-85)
1119 1743 1160 1787 ex
1191 1720 1369 1804 Thyatirae

221 1825 347 1892 51115155
362 1833 431 1892 orta
447 1845 518 1892 esse
532 1835 564 1891 et
578 1847 636 1909 pro
653 1832 782 1892 moneta
798 1827 915 1893 omissa
930 1826 962 1890 in
980 1825 1172 1908 cistophoris
1187 1825 1223 1889 B.
1242 1824 1368 1888 83-85

219 1928 348 1993 nomina
370 1927 600 1994 officinatorum
624 1934 771 1995 monetae
794 1931 913 2012 scripta
936 1949 1006 1995 5555
1034 1928 1179 2011 sumpsit.
1225 1925 1261 1992 Si
1284 1926 1368 1990 enim

223 2028 410 2094 lmhoofium
434 2049 650 2112 sequeremur,
674 2051 738 2095 uno
754 2051 837 2096 anno
857 2034 915 2094 185
932 2051 960 2095 5.
978 2029 1051 2096 Ohr.
1069 2051 1099 2094 n.
1116 2029 1292 2115 Thyatirae
1308 2029 1369 2092 515

223 2151 341 2214 genera
364 2131 581 2215 cistophorum
604 2134 690 2198 lacta
719 2152 789 2199 esse
818 2132 1020 2200 statuendum
1045 2138 1143 2215 esset,
1173 2133 1237 2198 duo
1267 2151 1369 2215 eaque

220 2237 301 2301 Inter
313 2255 348 2301 se
361 2235 578 2317 discrepantia
600 2231 744 2300 ΑΠΟΛ.
759 2286 786 2299 ,.
802 2243 949 2302 monetae
962 2237 1146 2319 praeposito
1158 2235 1207 2315 (B.
1217 2233 1369 2320 83-84),

222 2337 357 2419 tertium,
381 2357 451 2403 eum
466 2333 605 2402 ΣΤΡΑ.
620 2388 648 2404 ,.
673 2345 758 2405 55551
780 2337 958 2404 officinator
982 2337 1028 2416 (B.
1047 2340 1109 2413 85).
1144 2335 1234 2415 Quae
1251 2338 1370 2420 triplex

224 2447 368 2506 notarum
385 2441 591 2506 commutatio
608 2460 671 2506 uno
687 2461 770 2506 5555
786 2439 973 2523 Thyatirae,
991 2441 1023 2504 in
1039 2440 1159 2523 oppido
1175 2447 1241 2506 tam
1257 2461 1370 2524 parvo,

220 2542 289 2608 fieri
324 2543 412 2607 nullo
442 2549 537 2625 55515
567 2543 679 2627 potuit.
730 2543 801 2608 Huc
829 2543 971 2626 accedit,
1009 2542 1095 2625 quod
1130 2541 1211 2607 nihil
1242 2543 1370 2607 omnino

223 2663 338 2710 causae
353 2650 429 2725 erat,
439 2664 494 2709 cur
509 2645 754 2711 tetradrachmis
770 2666 828 2729 pro
839 2652 987 2710 monetae
1000 2643 1249 2712 officinatorihus
1262 2665 1370 2710 mono-

225 2752 402 2828 grammata
426 2752 458 2812 et
479 2745 672 2830 cistophoris
700 2747 844 2812 eiusdem
875 2748 1027 2831 temporis
1057 2747 1180 2829 primae
1209 2750 1372 2812 nominum

222 2848 349 2913 litterae
371 2847 628 2914 inscriberentur.

311 2947 368 3014 Sin
406 2956 513 3015 antem
551 2956 700 3033 quattuor
737 2971 857 3034 genera
894 2950 1008 3017 eodem
1043 2950 1139 3017 modo
1178 2950 1376 3017 diiudicave-

225 3053 338 3134 rimus,
369 3050 412 3116 ad
436 3053 525 3118 illum
550 3055 670 3119 exitum
692 3055 934 3137 perveniemus,
964 3054 1018 3136 qui
1041 3054 1239 3136 aliquantum
1262 3055 1376 3138 proha-

225 3154 321 3220 hilior
350 3155 454 3238 solus,
484 3161 520 3220 ut
549 3155 698 3240 equidem
730 3155 843 3238 credo,
876 3175 935 3222 nos
964 3153 1006 3219 ad
1038 3157 1205 3222 veritatem
1236 3156 1377 3224 adducit.

226 3258 374 3340 Namque
403 3258 430 3323 si
460 3264 620 3324 monetam
655 3257 867 3340 significatam
901 3277 973 3323 esse
1004 3259 1037 3321 in
1065 3258 1249 3344 cistophoro
1279 3260 1314 3324 B.
1339 3264 1379 3324 82

225 3354 455 3426 11115515ΘΥΑ
476 3361 613 3445 ponitur,
637 3362 670 3424 in
685 3361 818 3443 reliquis
834 3358 1027 3442 cistophoris
1043 3359 1090 3437 (B.
1109 3362 1256 3446 83-85),
1281 3364 1378 3429 etiam
1451 3397 1456 3406 ·

227 3464 255 3529 si
279 3461 405 3528 duohus
427 3463 519 3528 annis
541 3464 795 3546 555155515551,
819 3461 954 3528 eandem
978 3462 1041 3526 loci
1064 3462 1302 3530 denotationem
1325 3487 1380 3533 ex-

229 3565 438 3649 spectandam
462 3583 533 3630 esse
556 3566 627 3647 quis
650 3572 715 3646 est,
745 3566 822 3649 quin
851 3564 1033 3630 concedat?
1077 3564 1280 3651 Quapropter
1309 3591 1380 3635 cum

227 3670 352 3734 litteras
375 3662 505 3729 ΑΠΟΛ
528 3673 560 3732 51
581 3664 700 3728 ΣΤΡΑ
723 3687 793 3734 5555
817 3665 1007 3750 oppidorum
1025 3669 1155 3733 nomina
1175 3688 1306 3736 necesse
1330 3675 1380 3754 sit,

229 3772 290 3837 (100
312 3789 370 3855 pro
395 3764 763 3854 ΣΤΡΑΤΟΝΙΚΕΙΑΣ,
787 3769 868 3834 illud
884 3790 942 3852 pro
958 3765 1258 3832 ΑΠΟΛΛΩΝΙΑΣ
1281 3776 1380 3859 scrip.

230 3877 295 3934 tum
329 3891 401 3937 esse
434 3871 637 3948 contendo).
688 3872 809 3937 Horum
839 3878 946 3936 autem
982 3873 1174 3956 oppidorum
1208 3874 1382 3957 ApollonIa

318 4028 342 4088 1)
360 4022 487 4076 8155111155
505 4023 532 4075 15
552 4022 650 4077 ceteris
669 4023 830 4092 cistophoris
850 4024 1013 4092 oppidorum
1038 4024 1147 4078 nomina
1164 4042 1220 4080 non
1238 4035 1304 4082 sunt
1321 4047 1382 4098 per·

231 4107 344 4176 scripta:
368 4111 450 4159 ΣΜΥΡ
469 4107 611 4176 (Smyrna),
637 4103 697 4167 ΕΦΕ
721 4107 875 4176 (Ephesus),
898 4113 959 4159 ΣΑΡ
984 4109 1111 4175 (Sardis),
1137 4113 1229 4165 ΤΡΑΛ
1248 4114 1382 4184 (Tralles),

234 4195 302 4244 ΑΠΑ
319 4195 469 4261 (Apamea),
488 4195 557 4244 ΛΑΟ
576 4193 731 4258 (Laodicea)
750 4194 809 4256 (cfr.
830 4194 941 4248 Pinder:
962 4194 978 4248 l.
999 4193 1036 4259 l.).
