3344 5008
652 354 866 416 ..21-

267 525 467 591 Annumeres
489 529 595 590 autem
618 523 661 588 ad
684 529 810 607 tempus
833 522 985 606 Philippo
1015 524 1085 607 regi
1114 522 1157 589 ad
1180 542 1293 607 pacem
1316 545 1336 589 a

184 633 297 695 senatu
331 626 565 712 impetrandam
601 626 710 692 datum
742 625 883 692 indutias
924 624 1109 710 quindecim
1145 625 1269 692 diemm
1303 632 1336 691 et

184 735 327 814 tempus,
356 729 443 814 quod
472 736 545 813 post
566 748 706 814 pugnam
732 729 935 796 commissam
965 727 1203 805 intercedebat,
1231 729 1334 813 prius·

182 852 278 915 quam
302 830 342 898 de
364 852 445 916 pace
469 836 517 898 est
540 837 663 915 actum,
693 835 726 896 et
755 828 843 914 quod
871 830 1084 913 praeteribat,
1119 829 1195 896 dum
1224 830 1265 896 de
1288 831 1335 895 in·

183 933 281 1001 dutiis
305 940 337 1001 et
352 934 393 1000 de
408 935 498 1019 pacit
520 933 647 1018 legibus
670 932 827 999 faciendis
843 938 1005 1016 mactatur,
1029 953 1092 999 non
1114 933 1222 1016 plures
1238 953 1333 1017 quam

181 1037 321 1121 quinque
343 1057 470 1104 menses
485 1042 559 1122 post
579 1035 739 1119 proelium
761 1055 833 1102 csse
849 1036 1035 1119 absumptos
1058 1035 1225 1120 concedes,
1249 1036 1332 1102 intra

180 1159 260 1222 quos
283 1141 407 1224 legatos
429 1141 463 1204 in
479 1138 700 1206 Macedoniam
717 1137 820 1203 Roma
842 1137 960 1203 reverti
983 1157 1064 1221 opus
1079 1143 1157 1221 crat,
1180 1139 1201 1204 i.
1215 1157 1242 1203 c.
1258 1143 1333 1205 anto

181 1243 300 1326 primos
331 1244 448 1309 mensis
471 1241 663 1308 Novembris
693 1240 772 1306 dics.
818 1240 878 1304 Illo
908 1244 1015 1306 autem
1045 1246 1189 1325 tempore
1212 1240 1332 1307 Romae

179 1344 213 1409 O.
248 1343 415 1411 Cornelius
455 1341 618 1426 Cethegus
652 1347 684 1408 ct
720 1340 758 1419 Q.
794 1341 952 1408 Minucius
989 1343 1089 1410 Rufus
1130 1348 1220 1409 crant
1258 1363 1332 1410 con-

179 1447 283 1529 sules,
316 1467 379 1512 non
418 1446 453 1510 L.
488 1445 603 1512 Furius
639 1445 798 1529 Purpurio
832 1449 864 1509 et
892 1443 933 1510 M.
967 1444 1121 1512 Claudius
1151 1445 1331 1528 Marcellus,

177 1550 232 1632 qui
262 1549 312 1616 Id.
341 1548 433 1615 Mart.
461 1545 589 1613 demum
620 1547 696 1614 anui
725 1547 786 1610 558
815 1566 844 1612 a.
862 1567 891 1611 n.
915 1567 941 1613 c.
966 1547 1166 1614 consulatum
1193 1547 1333 1614 inierunt

178 1651 232 1728 (ad
258 1658 386 1718 nostros
408 1651 508 1717 fastos
531 1651 657 1717 circiter
686 1653 831 1716 eudemo
858 1668 969 1715 mense
991 1649 1187 1728 Novembri).
1240 1649 1331 1728 Quae

177 1773 250 1819 cum
279 1753 425 1836 basini,
449 1753 555 1818 iacere
576 1773 639 1819 non
664 1771 842 1836 possumus,
866 1752 943 1834 quin
965 1753 1148 1819 consulibus
1169 1753 1245 1817 anni
1268 1756 1329 1816 557

177 1877 205 1921 a.
235 1875 264 1921 u.
294 1876 321 1922 c.
357 1855 442 1939 regIs
476 1854 620 1940 Philippi
654 1855 779 1939 legatos
820 1854 955 1921 Romam
994 1853 1166 1921 advenisse
1200 1875 1329 1922 censea-

178 1977 248 2024 mus
286 1964 382 2041 atque
420 1957 548 2041 Polybii
585 1956 686 2023 verba
721 1956 840 2022 XVIII.
877 1960 917 2020 42
951 1953 1004 2021 ότι
1038 1953 1095 2020 ἐπὶ
1129 1958 1329 2038 Μαρκέλλου

178 2058 349 2124 Κλαυδίου
372 2056 626 2146 παρειληφότος
654 2053 713 2141 τὴν
740 2047 870 2122 ’ὕπατον
897 2054 1000 2144 ἀρχὴν
1022 2050 1101 2145 ἧκον
1129 2057 1176 2136 εἰς
1196 2056 1329 2147 Ῥώμην

177 2159 213 2227 o‘c'
239 2183 276 2224 τε
305 2157 398 2246 παρὰ
429 2162 488 2225 τοῦ
524 2161 704 2225 Φιλίππου
727 2157 885 2244 πρέσβεις
908 2159 999 2226 οἵτε
1022 2159 1115 2246 παρὰ
1142 2164 1201 2227 τοῦ
1228 2167 1328 2228 Τίτου

175 2266 231 2330 καί
265 2265 332 2327 τῶν
366 2260 546 2346 συμμάχων
585 2259 673 2348 ὑπὲρ
706 2265 772 2327 τῶν
806 2260 892 2347 πρὸς
928 2263 1105 2329 Φίλιππον
1143 2269 1327 2353 συνθηκῶν,

173 2367 267 2434 sicuti
300 2368 390 2433 librIs
420 2373 493 2432 sunt
526 2369 752 2453 comprobata,
789 2386 853 2432 non
890 2368 968 2435 satis
1007 2374 1094 2435 recte
1128 2387 1198 2436 esse
1232 2369 1326 2436 dicta.

173 2470 281 2554 Atque
304 2489 343 2536 ea
366 2489 437 2536 esse
461 2470 640 2556 depravata
668 2471 721 2537 vel
750 2470 826 2535 inde
854 2470 1033 2536 luculenter
1060 2477 1211 2556 apparet,
1241 2473 1327 2556 quod

174 2573 275 2638 verba
298 2562 352 2637 ὅτι
374 2568 433 2637 ἐπὶ
451 2570 649 2657 Μαρκέλλου
668 2571 836 2637 Κλαυδίου
852 2571 1103 2660 παρειληφότος
1117 2570 1176 2659 την
1197 2571 1327 2638 ὕπατον

175 2666 277 2760 ἀρχὴν
294 2696 314 2740 a
330 2675 561 2742 consuetudine
577 2676 733 2743 sermonis
749 2675 866 2742 Graeci
882 2681 955 2741 sunt
969 2677 1177 2744 alienissima.
1208 2676 1326 2743 Verum

173 2779 298 2844 litteras
322 2797 361 2843 ac
385 2777 486 2842 verba
508 2777 637 2861 Polybii
660 2779 828 2844 restituere
855 2784 964 2843 nostra
986 2779 1115 2862 quidem
1140 2780 1326 2862 operulam

175 2900 237 2947 non
260 2900 442 2965 possumus,
465 2881 542 2963 qnia
564 2880 650 2947 illius
665 2880 766 2946 verba
788 2880 829 2945 ab
852 2881 1066 2963 epitomatore
1089 2880 1229 2964 quodam
1254 2888 1326 2947 suut

174 2981 358 3067 decurtata,
393 2982 451 3048 sed
485 2983 519 3048 in
552 2982 772 3067 recuperando
801 2982 972 3049 verborum
1005 2983 1133 3049 illorum
1167 2985 1326 3050 sententia

170 3191 205 3242 et
230 3184 520 3255 magnificentius
539 3201 633 3255 quam
657 3185 749 3240 alias
772 3185 860 3238 facti
888 3190 921 3239 et
947 3185 1081 3240 laetius
1105 3190 1250 3255 propter
1272 3203 1324 3244 res

172 3272 266 3328 bello
284 3271 373 3324 benc
390 3275 508 3340 gestes
527 3272 679 3341 spectati
702 3271 789 3326 oritur
808 3271 946 3341 quaestio,
970 3286 1040 3341 quae
1057 3287 1112 3326 res
1131 3272 1221 3326 bello
1240 3273 1325 3326 bene

170 3365 290 3425 gestae
309 3356 363 3409 sint
380 3356 586 3424 intellegendae.
623 3357 657 3410 Hi
675 3362 764 3412 autem
783 3357 839 3410 ludi
857 3373 919 3412 com
937 3373 1041 3425 semper
1059 3357 1145 3412 medlo
1164 3356 1221 3411 iere
1234 3373 1324 3412 mense

171 3441 323 3511 Septembri
341 3441 493 3507 ederentur,
513 3473 544 3480 —
563 3458 683 3496 summus
702 3443 772 3496 enim
791 3442 846 3496 dies
865 3458 889 3495 a.
903 3442 928 3496 d.
942 3442 1016 3497 XVI.
1035 3442 1096 3496 Kal.
1117 3442 1225 3497 Octobr.
1239 3443 1324 3497 i'uIssc

169 3527 273 3582 videtur
290 3557 323 3564 —
341 3527 392 3581 etsi
409 3525 513 3581 laetitia
532 3526 658 3582 victoriae
681 3543 698 3581 ιι
717 3527 746 3581 0.
761 3527 890 3582 Cornelio
912 3526 1029 3594 Cethego
1053 3530 1208 3596 reportatae
1226 3527 1259 3582 dc
1277 3529 1322 3582 In·

173 3612 302 3667 subribus
316 3611 530 3680 Cenomanisque
543 3627 592 3680 per
605 3628 634 3667 se
651 3612 770 3680 Intellegi
781 3629 863 3681 posse
876 3627 930 3666 non
942 3613 1104 3680 negaverim,
1123 3614 1199 3667 cuius
1212 3614 1323 3668 nuntius

172 3713 206 3752 co
225 3702 346 3766 tempore
364 3697 477 3750 Romam
501 3695 601 3753 allatus
620 3713 679 3752 esse
697 3698 800 3766 potuit,
819 3703 923 3762 tumen,
949 3700 979 3751 ut
1003 3712 1061 3751 meu
1078 3697 1132 3751 fert
1149 3697 1248 3767 opinio,
1267 3699 1321 3752 lae-

171 3783 231 3836 uua
248 3797 282 3837 ex
299 3781 412 3836 vlotoria
429 3784 464 3839 ab
483 3782 603 3837 exercitu
620 3784 744 3839 Romano
764 3784 796 3839 T.
810 3783 937 3851 Quiuctio
955 3783 1117 3852 imperatore
1135 3783 1169 3837 ad
1188 3783 1322 3854 Cynosce-

170 3867 267 3936 phalas
294 3873 375 3937 partu
402 3866 548 3923 retinenda
571 3873 620 3922 est.
657 3868 734 3924 Fasti
757 3870 826 3923 enlm
850 3868 966 3922 Romani
994 3873 1050 3922 tum
1077 3875 1155 3922 erant
1180 3873 1323 3939 tantopere

172 3951 289 4016 confusi,
307 3958 338 4005 ut
355 3968 404 4006 nos
423 3953 531 4022 quidem
552 3958 624 4008 certe
637 3953 748 4008 delinito
766 3971 820 4008 non
838 3952 981 4024 possimus,
1000 3969 1052 4022 quo
1066 3969 1156 4008 mense
1169 3960 1321 4009 nostrorum

172 4036 306 4092 fastorum
324 4037 380 4091 ludi
398 4037 453 4093 sint
471 4038 608 4094 celebrati.
634 4038 693 4104 (cfr.
713 4038 838 4093 ldeler:
866 4037 1010 4093 Romische
1028 4039 1205 4108 chronologIe
1229 4040 1320 4095 Berol.
1407 4025 1412 4037 ’

171 4125 236 4178 1826
255 4123 290 4177 11.
308 4140 336 4193 p.
355 4127 469 4193 tflsqq.;
488 4123 632 4179 Matnat:
650 4125 668 4178 l.
688 4124 705 4179 l.
724 4141 752 4194 p.
774 4129 820 4179 184
830 4127 900 4193 sqq.)
