3344 5008
645 431 858 490 „17-

174 597 269 679 pylas
292 597 456 680 profectus
486 615 544 679 per
573 597 783 678 Heracleam,
814 596 867 660 ubi
899 601 963 661 tres
991 597 1058 662 fere
1087 596 1156 663 dies
1185 597 1321 662 concilio

171 696 359 762 Aetolorum
383 697 492 764 habito
517 705 565 764 est
580 705 805 781 commoratus,
828 697 955 782 Xynias
976 700 1124 782 pervenit
1146 705 1178 764 et
1198 700 1231 765 in
1248 720 1322 766 con·

170 799 247 865 finio
282 801 461 868 Aenianum
495 801 789 886 Thessalorumque
830 808 935 869 castra
974 803 1094 869 locavit
1130 809 1321 885 exspectans

171 903 354 968 Aetolorum
367 904 499 970 auxilia.
518 903 604 984 Quos
617 906 676 972 etsi
689 905 795 971 nihil
810 925 918 971 mora
928 911 989 970 tos
1006 923 1093 971 esse
1104 904 1218 971 Livius
1231 904 1320 989 dicit,

169 1011 275 1070 tamen
298 1025 353 1072 eos
375 1011 519 1092 tempore
542 1007 681 1090 quodam
703 1007 869 1073 interiecto
892 1007 969 1072 illuc
991 1006 1162 1074 advenisse
1179 1007 1322 1074 dilucide

173 1113 323 1192 apparet,
348 1129 419 1174 cum
442 1109 560 1176 milites
583 1110 643 1175 iter
665 1129 779 1193 parare
802 1129 865 1174 non
888 1115 1034 1194 possent,
1065 1110 1126 1175 nisi
1150 1115 1321 1194 postquam

174 1210 205 1274 in
222 1211 359 1276 concilio
374 1211 523 1278 Aetolico
540 1216 588 1278 est
605 1212 827 1293 deliberatum,
852 1212 979 1294 quantis
995 1210 1127 1277 auxiliis
1143 1213 1320 1279 Romanum

169 1310 212 1376 ad
234 1312 355 1377 bellum
385 1319 594 1397 sequerentur
622 1314 704 1391 (Liv.
729 1313 793 1378 11.
818 1317 836 1389 S
861 1317 901 1386 7).
938 1313 1065 1378 Exinde
1093 1314 1130 1378 Τ.
1155 1311 1321 1392 Quinctius

173 1415 341 1480 confestim
364 1415 396 1481 in
420 1414 636 1482 Phthioticum
660 1436 771 1499 agrum
795 1415 938 1482 exercitu
969 1415 1098 1482 admoto
1125 1415 1168 1480 ad
1191 1413 1320 1481 Thebas

169 1536 379 1600 praegressus
408 1516 624 1600 Phthioticas,
659 1538 738 1601 quas
767 1519 883 1584 frustra
912 1519 1096 1602 temptavit,
1126 1516 1168 1582 ad
1197 1515 1320 1583 Pheras

172 1625 277 1684 castra
310 1619 490 1685 collocavit.
543 1619 603 1685 Illo
637 1627 745 1686 autem
785 1627 930 1704 tempore
962 1618 1132 1704 Philippus
1173 1639 1247 1703 rex,
1286 1624 1321 1684 ut

171 1720 326 1805 Polybius
349 1721 472 1786 XXIII.
499 1724 536 1785 19
560 1729 592 1788 et
607 1722 718 1789 Livius
733 1722 888 1788 XXXIII.
905 1726 933 1788 5.
951 1727 970 1785 4
986 1727 1019 1788 et
1034 1743 1060 1788 c.
1085 1725 1113 1786 6.
1131 1724 1231 1805 2sqq.
1248 1742 1319 1805 pro-

172 1823 333 1906 diderunt,
357 1825 419 1888 iam
444 1824 476 1889 in
492 1823 662 1891 Thessalia
678 1832 747 1892 crat
761 1832 802 1910 et,
826 1846 897 1892 cum
915 1826 1001 1892 circa
1021 1825 1183 1890 Larissam
1205 1825 1321 1890 certior

169 1927 273 1992 factus
296 1932 383 1992 esset
404 1926 441 1990 T.
466 1923 648 2002 Quinctium
670 1927 712 1993 ad
736 1927 859 1995 Pheras
882 1929 942 1994 iter
970 1927 1103 2009 fecisse,
1132 1945 1320 2010 progressus

170 2028 240 2111 ipse
265 2047 392 2111 quoque
415 2027 457 2092 ad
475 2026 595 2095 Pheras
618 2036 723 2096 castra
745 2033 861 2114 posuit.
900 2028 966 2097 Sed
981 2029 1076 2094 tertio
1093 2029 1156 2109 die,
1180 2029 1207 2094 si
1224 2029 1318 2111 Poly·

170 2131 258 2195 bium
282 2131 303 2196 l.
320 2133 341 2195 l.
366 2132 542 2215 sequimur,
574 2133 686 2199 castris
716 2135 810 2199 motis
834 2133 1003 2198 Scotusam
1024 2130 1150 2215 petivit,
1172 2136 1207 2195 ut
1229 2149 1319 2195 exer-

172 2235 248 2300 citui
278 2236 470 2300 frumentum
504 2234 699 2317 provideret.
751 2235 822 2314 Quo
856 2233 970 2300 eodem
999 2238 1159 2316 tempore,
1194 2239 1228 2300 ut
1256 2233 1320 2298 iam

171 2336 442 2420 supradiximus,
466 2336 563 2402 etiam
587 2338 623 2402 T.
648 2336 814 2416 Quinctius
843 2336 1015 2422 processit,
1045 2340 1079 2400 ut
1108 2335 1198 2400 illum
1227 2355 1318 2419 prae·

170 2439 302 2505 veniens
326 2439 483 2505 frumenta
506 2448 730 2526 corrumperet.
775 2440 883 2506 Primo
908 2459 984 2505 vero
1013 2437 1067 2504 die
1095 2437 1139 2502 ad
1162 2437 1319 2504 Eretriam

170 2538 345 2607 Phthiotici
378 2543 447 2625 agri
478 2545 640 2627 pervenit,
676 2564 747 2610 cum
781 2542 952 2626 Philippus
980 2561 1038 2608 rex
1067 2559 1163 2624 super
1191 2559 1319 2606 amnem

171 2640 367 2710 Onchestum
389 2645 588 2728 subsisteret,
612 2652 739 2729 postero
756 2647 917 2711 Romanus
933 2664 1034 2727 usque
1056 2642 1099 2708 ad
1123 2640 1318 2709 Thetideum

170 2742 358 2812 Pharsaliae
382 2753 495 2829 terrae,
520 2748 689 2831 Philippus
712 2767 770 2814 rex
793 2748 835 2813 ad
865 2747 1070 2812 Melambium
1094 2745 1180 2828 quod
1203 2751 1320 2811 vocant

170 2845 336 2914 Scotusaei
359 2851 429 2932 agri
451 2857 681 2934 pervenerunt,
710 2851 804 2916 tertio
833 2849 963 2916 tandem
992 2848 1035 2915 ad
1057 2845 1319 2932 Cynoscephalas

170 2969 282 3016 manus
305 2951 514 3018 contulerunt.

255 3051 345 3130 Quae
368 3073 420 3121 res
442 3061 516 3138 post
546 3055 783 3139 aequinoctium
812 3073 946 3120 vamum
976 3058 1087 3136 gestae
1115 3057 1187 3117 sunt
1215 3051 1319 3135 iisque

170 3159 297 3237 tempus
320 3176 421 3240 usque
444 3158 487 3224 ad
509 3176 652 3224 mensem
674 3157 799 3222 Iunium
822 3175 915 3222 nemo
937 3153 1125 3220 infitiabitur
1147 3173 1219 3220 esse
1243 3175 1316 3221 con-

171 3264 349 3341 sumptum,
378 3260 436 3327 sed
466 3261 591 3326 Iunium
621 3279 749 3344 quoque
777 3281 840 3325 non
870 3259 947 3325 satis
975 3257 1055 3322 mihi
1086 3257 1213 3323 videtur
1245 3278 1317 3342 pro·

170 3358 279 3425 habile
293 3361 322 3436 ¹).

258 3514 282 3576 1)
301 3513 429 3565 Attamen
453 3510 592 3580 aliquanto
618 3517 680 3580 post
703 3513 738 3568 ud
760 3526 881 3566 mensem
905 3508 1050 3579 Quintilem
1075 3524 1192 3578 pugnam
1214 3510 1320 3565 rettulit

171 3595 315 3652 Matzut:
335 3596 479 3652 Remische
496 3597 697 3666 Zeitrechuung
714 3597 759 3651 tur
779 3597 822 3651 die
838 3597 922 3650 Jahre
941 3599 990 3649 219
1009 3593 1051 3648 bis
1071 3600 1082 3647 1
1103 3612 1126 3648 r.
1146 3594 1209 3650 Chr.
1229 3596 1317 3652 Berol.

173 3685 245 3738 1889.
262 3700 301 3753 vp.
323 3687 372 3736 194
382 3697 449 3750 sqq,
472 3685 500 3737 et
524 3682 558 3737 ad
582 3683 674 3752 ipsum
692 3687 850 3737 autumnum
874 3683 906 3736 E.
921 3681 964 3736 W.
985 3679 1150 3734 Fischer:
1176 3681 1319 3736 Romisohe

169 3766 314 3823 Zeittateln
332 3785 384 3823 ron
402 3767 486 3822 Rome
505 3767 653 3837 Grundung
677 3767 718 3823 his
743 3768 792 3822 auf
808 3768 946 3834 Augustus
965 3765 1025 3819 Tod
1042 3764 1135 3820 Alton.
1158 3769 1221 3819 1846
1239 3783 1266 3836 p.
1286 3770 1317 3820 91

169 3857 246 3909 ratus
275 3855 358 3908 verba
376 3853 491 3908 Liviana
514 3853 549 3907 ad
574 3853 627 3907 hoo
651 3859 757 3924 tempus
782 3855 882 3924 optime
906 3851 1048 3918 quadrare.
1085 3851 1138 3904 Sed
1161 3865 1319 3906 consensum

168 3939 289 3993 illumin
309 3939 368 3994 Livi
387 3955 479 3994 rerum
497 3945 633 4007 gesturum
652 3939 821 4008 expositIone
839 3954 894 3993 non
911 3938 1001 3992 inesse
1018 3953 1067 4007 pro
1086 3942 1160 3991 certo
1186 3941 1227 3990 est
1243 3937 1318 3990 altir-

169 4025 295 4079 mandum
319 4041 407 4095 neque
431 4041 447 4078 a
469 4024 573 4094 Polyhii
591 4024 680 4078 verbis
703 4024 805 4079 XVIII.
825 4028 857 4077 43
883 4015 929 4080 i'ur
952 4017 1027 4079 κατὰ
1045 4019 1097 4094 τήν
1111 4017 1228 4078 Ἐλλάδα
1245 4042 1318 4091 μετα

168 4129 219 4182 την
242 4107 335 4183 μάχην
356 4112 442 4168 Τίτου
465 4105 735 4184 παραχειμάζοντος
758 4107 789 4165 ἐν
805 4101 934 4186 Ἐλατείᾳ
953 4109 1078 4165 Βοιωτοί
1096 4123 1118 4160 e.
1137 4125 1162 4176 q.
1180 4123 1202 4161 s.
1222 4113 1248 4161 et
1260 4109 1320 4162 Liri

168 4195 295 4252 XXXIII.
316 4201 357 4252 ut.
378 4203 393 4250 5
413 4191 589 4252 ‘hibernabat
606 4211 637 4249 eo
657 4202 777 4264 tempore
802 4195 908 4249 Elatiae
926 4194 958 4247 T.
979 4186 1128 4262 Quinctius'
1150 4209 1174 4248 e.
1193 4211 1219 4262 q.
1238 4209 1260 4248 s.
1286 4224 1318 4232 —

219 4291 376 4335 hielschlre.
1135 4283 1149 4332 2
