3308 5000
636 395 849 459 -93...

161 571 387 649 spectaverant
413 565 501 631 enim
529 564 738 632 amoenibus
767 563 916 648 Pergami
944 582 1008 628 non
1040 563 1101 628 viri
1131 561 1227 628 modo
1258 562 1317 629 sed

161 668 301 734 feminae
323 668 421 734 etiarn
445 687 473 734 e.
490 687 521 750 q.
537 687 573 752 s,
596 667 785 751 quibuscum
801 667 909 733 verbis
932 665 1015 732 bene
1029 665 1209 749 concinunt,
1232 685 1316 749 qnae

160 771 329 856 Appianus
358 767 429 854 Syr.
454 771 495 834 26
524 769 667 835 narravit
694 767 839 836 eiusdem
869 768 998 853 Polyhii
1025 768 1214 833 relationem
1243 787 1317 833 oon·

161 879 290 938 vemens
312 872 345 937 iu
367 890 461 938 nsum
482 891 584 939 suum.
628 869 673 937 At
693 891 757 938 non
784 871 1003 953 incorruptum
1031 868 1087 933 ille
1116 875 1149 935 et
1176 888 1315 953 aequum

162 965 304 1040 indicem
327 971 389 1040 hac
404 973 534 1058 quidem
557 974 591 1039 in
606 993 641 1040 re
664 993 699 1041 se
714 973 858 1058 praebet,
881 972 940 1040 sed
955 970 1105 1038 Achaeos
1120 972 1209 1037 lavet
1231 971 1315 1038 iusto

160 1076 267 1144 nimie.
312 1077 364 1142 An
391 1081 542 1160 putamus
569 1075 714 1142 Attalum
741 1095 777 1142 re
809 1095 889 1141 vera
916 1075 1027 1159 copiae
1058 1073 1209 1156 Pergami
1242 1075 1320 1140 reti·

161 1178 270 1244 unisse
291 1181 397 1244 ratum
413 1177 618 1262 Diophanem
639 1185 706 1244 tam
728 1177 855 1261 exiguis
870 1177 973 1261 copiis
995 1175 1077 1242 nihil
1099 1176 1315 1260 profecturum

161 1279 259 1346 esse?
302 1280 416 1348 Nonne
449 1281 480 1346 ei
507 1280 613 1364 magis
642 1280 836 1347 conveniens
864 1279 925 1345 fuit
954 1298 1017 1344 uua
1045 1298 1118 1346 oum
1146 1278 1320 1363 Diophane

161 1381 192 1446 in
222 1380 409 1449 obsidentes
445 1402 614 1467 erumpere
648 1381 796 1449 omnibus
825 1382 941 1468 copiis,
976 1400 1057 1465 quas
1087 1381 1190 1448 multo
1217 1381 1316 1446 maio·

160 1503 212 1552 ros
245 1484 346 1551 fnisse
379 1503 475 1569 quam
507 1484 711 1552 Achaeorum
746 1484 891 1551 constat?
949 1484 1033 1550 Nam
1068 1485 1100 1548 in
1133 1503 1243 1567 pugna
1275 1481 1318 1548 ad

161 1587 362 1671 Magnesiam
400 1588 488 1656 facta
525 1588 701 1670 octingenti
734 1587 885 1654 Eumenis
919 1587 1044 1670 equites
1084 1587 1320 1653 dimicaverunt

161 1688 343 1772 eodemque
372 1689 496 1774 proelio
524 1689 735 1757 interfuerunt
756 1688 962 1756 Achaeorum
992 1694 1025 1756 et
1047 1688 1318 1772 Pergamenorum

161 1791 224 1858 tria
250 1790 342 1858 milia
370 1792 471 1858 terme
500 1789 645 1876 peditum
674 1793 741 1870 (cfr.
765 1791 835 1857 Liv.
858 1791 1028 1858 XXXVII.
1053 1794 1104 1857 39.
1127 1795 1168 1867 9).
1214 1791 1320 1872 Adde,

163 1894 250 1978 quod
274 1893 381 1959 hieme
403 1895 478 1961 anni
506 1896 617 1975 tellao
640 1915 670 1961 a
692 1893 767 1960 Chr.
790 1914 821 1958 n.
844 1895 1005 1960 Eumenes
1028 1893 1092 1960 duo
1115 1895 1207 1961 milia
1228 1893 1318 1977 pedi-

162 2002 287 2062 tumet
316 1996 508 2080 quingentos
538 1997 662 2082 equites
690 1997 722 2062 in
753 1995 994 2080 expeditionem
1021 1994 1135 2063 eduxit
1157 1997 1225 2075 (cir.
1247 1997 1318 2064 Liv.

163 2118 191 2164 c.
214 2100 244 2164 8.
270 2100 373 2182 deq).
410 2098 496 2165 Dein
517 2118 624 2165 nonne
638 2099 775 2180 Attalus,
799 2099 986 2182 priusquam
1002 2097 1190 2182 Diophanes
1205 2097 1319 2164 urbem

162 2199 306 2281 intravit,
330 2200 459 2284 saepius
473 2220 587 2269 manus
608 2207 813 2268 conseruerat
827 2220 900 2266 cum
915 2200 1076 2267 Seleuco?
1113 2200 1197 2266 Num
1222 2201 1320 2284 igitur

163 2301 336 2385 probabile
359 2309 407 2368 est
422 2321 495 2368 eum
518 2309 565 2369 tot
578 2302 721 2370 Achaeis
736 2301 936 2369 adiutoribus
951 2303 1136 2368 facultatem
1153 2303 1319 2387 pugnandi

163 2401 312 2472 hostibus
335 2424 399 2470 non
422 2403 562 2487 dedisse,
585 2405 775 2489 praesertim
789 2425 861 2472 cnm
878 2404 1081 2489 Diophanem
1103 2425 1231 2489 semper
1253 2405 1320 2472 lere

164 2507 369 2574 victor-eme
403 2507 631 2575 certaminibus
662 2507 829 2576 discedere
864 2507 1014 2574 videret?
1058 2507 1208 2574 Ceterum
1242 2508 1320 2574 Dio·

163 2609 283 2694 phanis
306 2608 430 2691 equites
453 2608 620 2675 inferiores
644 2619 734 2676 erant
748 2630 881 2677 numero
896 2610 1025 2678 Seleuci
1042 2647 1084 2658 -
1105 2611 1202 2678 facile
1224 2611 1322 2694 igitur

164 2711 310 2795 receptui
332 2729 461 2777 suorum
484 2710 540 2776 ille
563 2712 729 2778 consulere
751 2715 856 2796 potuit
878 2719 975 2798 atque
997 2733 1124 2779 omnem
1140 2711 1322 2797 Diophanis

167 2813 324 2897 impetum
354 2813 544 2896 propulsare
571 2847 613 2858 -·-
635 2812 853 2898 nihilominus,
884 2836 949 2900 qna
972 2822 1041 2881 erat
1062 2815 1252 2897 temeritate,
1273 2808 1320 2878 ‘in

164 2922 364 2998 postremum
386 2934 504 2998 agmen
532 2916 680 2999 incurrit,
709 2923 895 3000 tantumque
925 2935 1034 2982 rursus
1060 2917 1192 3000 pavoris
1214 2936 1254 2982 ac
1275 2923 1322 2981 tu·

167 3018 288 3083 multus
312 3016 460 3100 incussit,
489 3022 538 3102 ut,
568 3037 639 3083 cum
663 3026 754 3102 terga
775 3019 1001 3102 caederentur,
1032 3037 1127 3085 nemo
1156 3017 1322 3102 pugnandi

165 3137 266 3186 eausa
287 3119 456 3202 restiterit3
486 3120 748 3204 trepidantesque
779 3129 810 3187 ct
836 3122 893 3187 vix
922 3120 1067 3188 ordinem
1096 3121 1235 3204 agminis
1258 3140 1322 3188 ser·

165 3227 283 3288 rantes
305 3220 338 3286 in
360 3227 466 3288 castra
488 3223 646 3308 compulsi
661 3229 744 3290 sunt.
782 3223 873 3290 Haec
887 3222 1090 3291 Achaeorum
1112 3223 1250 3290 andacia
1264 3222 1324 3290 Se-

165 3321 296 3389 leucum
318 3344 360 3390 ex
387 3345 467 3408 agro
490 3326 690 3408 Pergameno
718 3343 850 3392 morere
879 3331 986 3393 castra
1016 3317 1130 3410 coegit’
1164 3327 1229 3404 (cir.
1253 3326 1325 3391 Liv.

166 3443 193 3489 c.
217 3427 272 3491 21.
295 3429 397 3510 3sq.).

255 3526 459 3613 Quamquam
476 3531 622 3615 proxime
645 3529 687 3595 ad
711 3549 833 3609 verum,
856 3538 943 3613 puto,
967 3530 1169 3615 accedamus,
1192 3530 1219 3595 si
1235 3529 1325 3594 Atta·

167 3629 234 3696 lnm
257 3633 373 3697 iterum
389 3632 659 3716 Pergamenorum
683 3633 807 3715 equites
830 3652 901 3698 cum
918 3632 1098 3716 Diophanis
1120 3632 1325 3697 coniunxisse

166 3733 371 3800 arbitremur.
410 3734 516 3802 Unum
538 3733 736 3800 addiderim:
760 3733 888 3800 videtur
910 3754 974 3800 non
997 3735 1099 3800 solum
1121 3730 1324 3798 Achaeorum

167 3835 309 3902 audacia
337 3836 492 3904 Seleucus
521 3843 696 3903 commotus
720 3856 808 3920 csse,
842 3843 877 3901 ut
904 3836 1072 3903 obsidione
1095 3836 1209 3900 relicta
1231 3851 1326 3900 exer-

169 3938 269 4004 citum
292 3939 470 4024 reduceret,
494 3940 552 4006 sed
575 3961 615 4006 ea
636 3941 836 4023 potissimum
859 3959 904 4021 re,
928 3938 1016 4022 quod
1030 3937 1145 4004 eodem
1169 3936 1323 4021 temporis

170 4048 335 4109 momento
358 4043 478 4110 classes
500 4043 770 4126 Pergamenorum
800 4043 1022 4124 sociorumque
1045 4041 1086 4106 ab
1109 4040 1320 4124 Adramytteo

170 4145 306 4212 Elaeam
328 4145 463 4212 rediisse
486 4144 643 4211 videntur.
