3344 5008
829 369 1020 426 ,4.-

349 527 675 615 meeum
688 529 899 596 xtffleim
911 529 1085 616 ZYPlilll
1101 532 1248 596 [mli
1258 529 1430 614 ΣΥΡΙΩΝ,
1445 548 1502 598 ur

350 633 550 718 madiis
570 631 683 716 ΣΥΡΙ,
705 631 805 718 ΣΥΡ,
825 632 889 696 ΣΥ
907 637 973 701 seo.
988 636 1107 700 lionm
1119 637 1224 720 suppl
1235 637 1283 700 lt
1283 689 1291 699 .
1302 659 1335 720 p.
1348 643 1408 700 lul
1419 658 1502 720 sqq⁸¹

353 733 458 802 Faelrl.
474 737 539 802 rol
553 737 612 802 III.
626 759 659 822 p.
674 741 737 804 337
753 759 836 821 sqq„
859 738 955 804 flend
967 760 1000 821 p.
1017 742 1079 801 419
1094 761 1187 822 sqq).

435 839 481 904 At
502 859 575 906 (um
597 841 661 906 loci
682 860 968 924 nomen‚e1quo
989 841 1261 906 tetradruebmnm
1283 844 1422 922 exstitit,
1443 841 1502 907 arl-

348 941 452 1008 ditu
473 942 507 1007 in
528 961 658 1008 mmo
679 943 1003 1027 ipsoexspeetemus,
1025 944 1502 1028 quianonesunriamsupn

347 1043 509 1128 diximus,
540 1045 760 1128 Pergamenus
788 1047 847 1114 sed
875 1048 908 1110 in
930 1046 1083 1110 Eumenis
1109 1048 1197 1128 regis
1225 1046 1379 1112 bonorem
1408 1056 1502 1111 entra

348 1149 440 1232 regni
462 1147 544 1214 fines
564 1167 676 1232 meus,
704 1149 820 1215 litteris
842 1146 925 1230 ΔΙΛ,
946 1168 1030 1230 (μιιε
1052 1149 1178 1213 ineius
1201 1148 1501 1233 effigieapudlm

349 1249 490 1316 hoedum
512 1250 647 1316 raum
667 1253 705 1314 te
727 1253 886 1335 leguntur,
908 1264 1069 1316 monetam
1091 1251 1267 1333 signideuri
1290 1253 1502 1316 certissimum

349 1361 408 1418 eut
452 1350 593 1428 Quarum
615 1354 794 1418 litterarum
824 1355 920 1418 tertie
942 1353 1111 1435 perspicue
1133 1354 1288 1436 distingui
1310 1373 1374 1417 nou
1394 1363 1503 1436 potest

346 1464 445 1538 atque
477 1453 676 1520 dubitauerit
704 1456 882 1539 quispiam,
909 1468 1014 1520 utrum
1036 1453 1113 1514 ΔΙΑ
1134 1477 1176 1520 an
1198 1454 1276 1514 ΔΙΛ
1296 1477 1340 1520 ιιι
1361 1453 1437 1514 ΔΙΔ
1459 1456 1503 1519 sit

349 1555 531 1640 legendum.
567 1554 605 1620 ln
621 1555 815 1640 eompendio
829 1577 908 1622 vero
924 1553 999 1616 ΔΙΛ
1021 1558 1150 1639 nullius,
1173 1567 1328 1640 quantum
1350 1557 1501 1640 equidem

351 1659 437 1740 seio,
468 1659 610 1724 civitatis
637 1678 754 1724 nomen
776 1659 861 1723 inest
887 1678 992 1741 neque
1021 1659 1117 1724 facile
1146 1663 1315 1742 quisquam
1344 1681 1387 1725 ex
1415 1681 1503 1726 oom-

349 1759 470 1844 pendio
498 1757 574 1820 ΔΙΑ
610 1760 811 1844 probabilem
847 1761 880 1825 in
912 1760 1043 1826 modum
1075 1772 1224 1826 monetae
1253 1783 1369 1827 nomen
1401 1769 1501 1826 eruet

350 1862 426 1948 lpue
447 1863 586 1946 primum
609 1863 751 1945 agitari
773 1862 816 1928 de
832 1862 896 1927 Dia
918 1864 1033 1944 insula,
1055 1882 1139 1945 quae
1159 1883 1263 1946 prope
1288 1864 1416 1929 Oretum
1438 1865 1503 1929 sita

351 1973 410 2046 est,
432 1965 498 2046 ubi,
521 1983 593 2030 eum
616 1965 793 2030 Eumenem
816 1985 926 2048 regem
948 1985 1020 2030 oum
1043 1966 1207 2030 nonnullis
1227 1965 1344 2031 Creme
1372 1965 1502 2049 oppidis

350 2067 440 2134 uelut
461 2065 725 2152 Cydonieuuium,
747 2075 782 2132 ut
803 2067 960 2150 Polybius
979 2067 1132 2130 xxvffl.
1162 2072 1200 2129 15
1214 2071 1235 2145 ¹)
1257 2077 1399 2149 testatur,
1421 2069 1502 2132 alio-

353 2189 489 2254 rumque
510 2169 721 2252 Cretensium,
744 2191 877 2254 quomm
899 2171 1031 2236 nomina
1051 2171 1144 2234 titulo
1166 2170 1312 2236 Cretensi
1334 2172 1367 2234 in
1390 2170 1502 2235 bionu-

351 2273 450 2338 ruenti
465 2271 587 2338 untiebi
603 2274 667 2338 rol.
684 2273 710 2338 l.
725 2281 859 2356 puntata
877 2277 918 2336 1⁸.
943 2275 1025 2334 1590
1039 2293 1072 2354 p.
1089 2275 1128 2336 38
1152 2294 1222 2355 sqq.
1238 2275 1413 2338 memoriae
1428 2280 1502 2338 sunt

349 2373 478 2456 trudito,
494 2385 560 2440 tum
577 2375 724 2460 plurimis
736 2375 894 2442 Graeciae
905 2375 1035 2460 oppidis
1049 2375 1117 2440 serr.
1129 2376 1244 2459 Polyb.
1254 2375 1393 2440 XXXII.
1406 2378 1457 2438 22
1469 2381 1500 2460 5,

350 2477 422 2544 etv.
437 2476 610 2542 xxxxll,
627 2483 657 2542 5.
674 2483 706 2552 3)
722 2479 972 2544 familiarissime
990 2497 1081 2543 usum
1103 2497 1175 2544 esse
1198 2477 1284 2544 hund
1307 2481 1501 2562 ignoremus,

350 2599 497 2648 nummus
519 2580 551 2646 iu
574 2581 660 2664 regie
683 2579 836 2648 honorem
858 2581 917 2646 tali
940 2579 1036 2646 modo
1066 2581 1187 2662 signari
1214 2583 1327 2664 poluit.
1372 2580 1438 2647 Sed
1460 2600 1503 2646 ne

352 2701 447 2748 uuum
476 2683 607 2766 quidem
638 2703 801 2750 nummum
825 2684 909 2749 Diue
937 2682 1109 2765 babemus,
1143 2704 1184 2748 ex
1213 2704 1277 2766 qno
1304 2691 1441 2766 apparet
1468 2685 1503 2748 in

353 2785 467 2870 insule,
490 2804 574 2870 quae
597 2787 792 2870 perparvula
814 2795 873 2870 eet,
896 2785 1056 2852 ollioinum
1072 2805 1136 2850 non
1150 2787 1258 2851 fuisse.
1295 2786 1408 2868 Neque
1424 2805 1503 2850 vero

350 2887 475 2974 dubito,
497 2889 574 2972 quin
597 2887 662 2954 Diu
684 2889 740 2955 illo
763 2899 908 2974 tempore
936 2889 969 2952 in
992 2889 1123 2954 maioris
1145 2890 1254 2954 neseio
1276 2889 1366 2954 onius
1388 2887 1502 2972 oppidi

350 2989 512 3058 Cretensis
540 2991 668 3058 dieione
696 2991 806 3074 luerit,
839 2999 874 3057 ut
901 2991 1027 3056 incolae
1057 3002 1191 3072 urgento
1213 2992 1301 3057 illius
1329 2997 1501 3056 uterentur.

352 3091 432 3160 (lum
455 3101 562 3160 autem
592 3093 698 3161 imula
726 3113 789 3160 nou
821 3095 916 3176 longe
939 3113 960 3158 a
982 3093 1185 3158 Cnossiomm
1215 3101 1309 3176 portu
1331 3093 1502 3160 Heracleio

352 3197 421 3264 loir.
437 3195 543 3263 strab.
559 3195 601 3262 X.
618 3201 647 3260 5.
668 3201 694 3278 l,
711 3215 741 3280 p.
756 3197 830 3272 484)
845 3197 983 3278 abesset,
1007 3195 1097 3260 illam
1113 3195 1318 3262 Cnossiornm
1334 3198 1412 3263 iuris
1428 3207 1503 3263 tuno

352 3299 451 3366 inimo
473 3319 536 3365 nou
565 3307 615 3366 eet
643 3299 858 3382 improbabile
885 3319 925 3364 eo
954 3299 1220 3364 verisimillimum
1250 3301 1283 3365 in
1312 3301 1417 3368 insnln
1438 3300 1504 3365 Diu

352 3401 451 3470 luiueo
481 3403 512 3466 in
542 3421 600 3468 mu
623 3399 828 3468 Cuousiorum
859 3421 1022 3482 nummos,
1052 3421 1186 3484 quornm
1213 3424 1276 3469 non
1306 3403 1400 3486 pauci
1429 3411 1504 3468 sunt

351 3505 532 3572 oouoervuti
556 3503 566 3569 l
570 3505 625 3572 elr.
642 3503 735 3570 lieud
751 3523 782 3588 p.
799 3505 860 3570 388
876 3522 968 3588 sqq).

438 3605 520 3672 Tum
545 3625 584 3674 ex
610 3605 731 3691 oppido
755 3605 834 3690 Die,
862 3607 1068 3690 quodetiam
1100 3609 1276 3674 vocabatur
1298 3609 1448 3692 Diopolis
1470 3615 1503 3673 et

353 3709 455 3774 l’onto
472 3707 597 3774 Euxino
613 3708 792 3792 adimebat,
817 3716 918 3774 orlom
936 3729 1007 3775 esse
1030 3709 1299 3777 tetradraehmum
1321 3711 1502 3776 credebam.

353 3809 424 3888 Quo
447 3810 478 3874 in
495 3810 616 3896 oppido
631 3831 778 3878 nummos
793 3813 936 3894 signatos
958 3831 1029 3878 esse
1045 3833 1106 3879 non
1123 3813 1282 3879 nescimus
1304 3815 1370 3884 (osu.
1383 3813 1502 3878 llionn.

444 4053 468 4114 ll
485 4047 516 4102 lu
526 4045 687 4102 testimoniis
695 4047 798 4118 l’olybii
809 4049 951 4104 afferendis
961 4053 1070 4104 secutos
1081 4067 1139 4102 sum
1149 4049 1323 4103 editionemll
1332 4048 1483 4103 ultschie
1492 4080 1504 4092 ·

353 4151 422 4188 rrum
443 4133 530 4188 Berol.
554 4135 669 4202 lettllil,
