<?xml version="1.0" encoding="UTF-8"?>
<!DOCTYPE html PUBLIC "-//W3C//DTD XHTML 1.0 Transitional//EN"
    "http://www.w3.org/TR/xhtml1/DTD/xhtml1-transitional.dtd">
<html xmlns="http://www.w3.org/1999/xhtml" xml:lang="en" lang="en">
 <head>
  <title>
</title>
<meta http-equiv="Content-Type" content="text/html;charset=utf-8" />
  <meta name='ocr-system' content='tesseract 3.04.00' />
  <meta name='ocr-capabilities' content='ocr_page ocr_carea ocr_par ocr_line ocrx_word'/>
</head>
<body>
  <div class='ocr_page' id='page_1' title='image "./symbolaeadeumen00meisgoog_0102.png"; bbox 0 0 3308 5000; ppageno 0'>
   <div class='ocr_carea' id='block_1_1' title="bbox 638 383 849 446">
    <p class='ocr_par' dir='ltr' id='par_1_1' title="bbox 638 383 849 446">
     <span class='ocr_line' id='line_1_1' title="bbox 638 383 849 446; baseline -0.009 -18"><span class='ocrx_word' id='word_1_1' title='bbox 638 383 849 446; x_wconf 75' lang='lat'>..87-</span> 
     </span>
    </p>
   </div>
   <div class='ocr_carea' id='block_1_2' title="bbox 164 547 1320 1043">
    <p class='ocr_par' dir='ltr' id='par_1_2' title="bbox 164 547 1320 1043">
     <span class='ocr_line' id='line_1_2' title="bbox 165 547 1318 620; baseline 0.002 -2"><span class='ocrx_word' id='word_1_2' title='bbox 165 549 334 618; x_wconf 89' lang='lat' dir='ltr'><strong>consilium</strong></span> <span class='ocrx_word' id='word_1_3' title='bbox 366 547 479 614; x_wconf 92' lang='lat' dir='ltr'><strong>babuit</strong></span> <span class='ocrx_word' id='word_1_4' title='bbox 506 549 665 617; x_wconf 87' lang='lat' dir='ltr'><strong>advocato</strong></span> <span class='ocrx_word' id='word_1_5' title='bbox 695 551 826 616; x_wconf 80' lang='lat' dir='ltr'><strong>Elaeam</strong></span> <span class='ocrx_word' id='word_1_6' title='bbox 850 551 992 618; x_wconf 81' lang='lat' dir='ltr'>Eumene</span> <span class='ocrx_word' id='word_1_7' title='bbox 1021 557 1053 617; x_wconf 92' lang='lat' dir='ltr'><strong>et</strong></span> <span class='ocrx_word' id='word_1_8' title='bbox 1075 551 1229 619; x_wconf 79' lang='lat' dir='ltr'><strong>adhibitis</strong></span> <span class='ocrx_word' id='word_1_9' title='bbox 1257 555 1318 620; x_wconf 89' lang='lat' dir='ltr'><strong>Eu·</strong></span> 
     </span>
     <span class='ocr_line' id='line_1_3' title="bbox 164 648 1318 736; baseline 0 -15"><span class='ocrx_word' id='word_1_10' title='bbox 164 651 260 721; x_wconf 86' lang='lat' dir='ltr'><strong>demo</strong></span> <span class='ocrx_word' id='word_1_11' title='bbox 283 657 316 717; x_wconf 92' lang='lat' dir='ltr'><strong>ct</strong></span> <span class='ocrx_word' id='word_1_12' title='bbox 331 648 539 733; x_wconf 79' lang='lat' dir='ltr'><strong>Pamphilida</strong></span> <span class='ocrx_word' id='word_1_13' title='bbox 553 649 699 736; x_wconf 88' lang='lat' dir='ltr'><strong>Rhodiis,</strong></span> <span class='ocrx_word' id='word_1_14' title='bbox 722 659 757 718; x_wconf 90' lang='lat' dir='ltr'><strong>ut</strong></span> <span class='ocrx_word' id='word_1_15' title='bbox 779 652 1003 735; x_wconf 86' lang='lat' dir='ltr'><strong>sciscitaretur,</strong></span> <span class='ocrx_word' id='word_1_16' title='bbox 1027 672 1185 736; x_wconf 77' lang='lat' dir='ltr'><strong>quaenam</strong></span> <span class='ocrx_word' id='word_1_17' title='bbox 1207 674 1318 721; x_wconf 90' lang='lat' dir='ltr'><strong>eorum</strong></span> 
     </span>
     <span class='ocr_line' id='line_1_4' title="bbox 164 750 1320 837; baseline 0.003 -18"><span class='ocrx_word' id='word_1_18' title='bbox 164 753 206 820; x_wconf 90' lang='lat' dir='ltr'><strong>de</strong></span> <span class='ocrx_word' id='word_1_19' title='bbox 231 771 315 837; x_wconf 88' lang='lat' dir='ltr'><strong>pace</strong></span> <span class='ocrx_word' id='word_1_20' title='bbox 342 750 502 818; x_wconf 73' lang='lat' dir='ltr'><strong>Antiocho</strong></span> <span class='ocrx_word' id='word_1_21' title='bbox 531 755 601 836; x_wconf 83' lang='lat' dir='ltr'><strong>regi</strong></span> <span class='ocrx_word' id='word_1_22' title='bbox 629 753 738 820; x_wconf 87' lang='lat' dir='ltr'><strong>danda</strong></span> <span class='ocrx_word' id='word_1_23' title='bbox 766 754 924 820; x_wconf 89' lang='lat' dir='ltr'><strong>sententia</strong></span> <span class='ocrx_word' id='word_1_24' title='bbox 953 761 1046 822; x_wconf 88' lang='lat' dir='ltr'><strong>esset.</strong></span> <span class='ocrx_word' id='word_1_25' title='bbox 1093 755 1153 822; x_wconf 95' lang='lat' dir='ltr'><strong>Illo</strong></span> <span class='ocrx_word' id='word_1_26' title='bbox 1183 756 1216 820; x_wconf 91' lang='lat' dir='ltr'><strong>in</strong></span> <span class='ocrx_word' id='word_1_27' title='bbox 1245 777 1320 824; x_wconf 91' lang='lat' dir='ltr'><strong>con·</strong></span> 
     </span>
     <span class='ocr_line' id='line_1_5' title="bbox 164 852 1318 937; baseline 0.003 -16"><span class='ocrx_word' id='word_1_28' title='bbox 164 855 241 922; x_wconf 87' lang='lat' dir='ltr'><strong>ollio</strong></span> <span class='ocrx_word' id='word_1_29' title='bbox 270 852 390 920; x_wconf 85' lang='lat' dir='ltr'><strong>Rhodii</strong></span> <span class='ocrx_word' id='word_1_30' title='bbox 420 854 549 936; x_wconf 91' lang='lat' dir='ltr'><strong>quidem</strong></span> <span class='ocrx_word' id='word_1_31' title='bbox 579 854 657 921; x_wconf 83' lang='lat' dir='ltr'><strong>lessi</strong></span> <span class='ocrx_word' id='word_1_32' title='bbox 683 855 760 921; x_wconf 91' lang='lat' dir='ltr'><strong>belli</strong></span> <span class='ocrx_word' id='word_1_33' title='bbox 795 854 975 936; x_wconf 87' lang='lat' dir='ltr'><strong>laboribus,</strong></span> <span class='ocrx_word' id='word_1_34' title='bbox 1009 858 1044 918; x_wconf 91' lang='lat' dir='ltr'><strong>ut</strong></span> <span class='ocrx_word' id='word_1_35' title='bbox 1071 857 1249 937; x_wconf 90' lang='lat' dir='ltr'><strong>postularet</strong></span> <span class='ocrx_word' id='word_1_36' title='bbox 1277 860 1318 926; x_wconf 89' lang='lat' dir='ltr'><strong>ab</strong></span> 
     </span>
     <span class='ocr_line' id='line_1_6' title="bbox 164 955 1319 1043; baseline 0.002 -19"><span class='ocrx_word' id='word_1_37' title='bbox 164 955 325 1024; x_wconf 87' lang='lat' dir='ltr'><strong>Antiocho</strong></span> <span class='ocrx_word' id='word_1_38' title='bbox 353 955 445 1040; x_wconf 89' lang='lat' dir='ltr'><strong>pacis</strong></span> <span class='ocrx_word' id='word_1_39' title='bbox 473 955 580 1040; x_wconf 84' lang='lat' dir='ltr'><strong>leges,</strong></span> <span class='ocrx_word' id='word_1_40' title='bbox 608 975 754 1038; x_wconf 86' lang='lat' dir='ltr'><strong>suasere,</strong></span> <span class='ocrx_word' id='word_1_41' title='bbox 783 962 817 1022; x_wconf 88' lang='lat' dir='ltr'><strong>at</strong></span> <span class='ocrx_word' id='word_1_42' title='bbox 838 957 999 1024; x_wconf 81' lang='lat' dir='ltr'><strong>Eumenes</strong></span> <span class='ocrx_word' id='word_1_43' title='bbox 1022 957 1110 1022; x_wconf 90' lang='lat' dir='ltr'><strong>omni</strong></span> <span class='ocrx_word' id='word_1_44' title='bbox 1137 977 1201 1042; x_wconf 92' lang='lat' dir='ltr'><strong>ope</strong></span> <span class='ocrx_word' id='word_1_45' title='bbox 1222 966 1319 1043; x_wconf 92' lang='lat' dir='ltr'><strong>atque</strong></span> 
     </span>
    </p>
   </div>
   <div class='ocr_carea' id='block_1_3' title="bbox 164 1057 1327 4200">
    <p class='ocr_par' dir='ltr' id='par_1_3' title="bbox 164 1057 1324 3079">
     <span class='ocr_line' id='line_1_7' title="bbox 165 1057 1319 1145; baseline 0.003 -20"><span class='ocrx_word' id='word_1_46' title='bbox 165 1077 265 1144; x_wconf 87' lang='lat' dir='ltr'><strong>opera</strong></span> <span class='ocrx_word' id='word_1_47' title='bbox 293 1057 424 1139; x_wconf 82' lang='lat' dir='ltr'><strong>enixus,</strong></span> <span class='ocrx_word' id='word_1_48' title='bbox 457 1077 498 1124; x_wconf 91' lang='lat' dir='ltr'><strong>ne</strong></span> <span class='ocrx_word' id='word_1_49' title='bbox 527 1077 640 1142; x_wconf 89' lang='lat' dir='ltr'><strong>pacem</strong></span> <span class='ocrx_word' id='word_1_50' title='bbox 663 1057 699 1122; x_wconf 91' lang='lat' dir='ltr'><strong>L.</strong></span> <span class='ocrx_word' id='word_1_51' title='bbox 723 1059 880 1126; x_wconf 83' lang='lat' dir='ltr'><strong>Aemilius</strong></span> <span class='ocrx_word' id='word_1_52' title='bbox 903 1067 1123 1144; x_wconf 76' lang='lat' dir='ltr'><strong>componeret,</strong></span> <span class='ocrx_word' id='word_1_53' title='bbox 1158 1060 1319 1145; x_wconf 89' lang='lat' dir='ltr'><strong>duplicem</strong></span> 
     </span>
     <span class='ocr_line' id='line_1_8' title="bbox 164 1159 1319 1248; baseline 0.003 -22"><span class='ocrx_word' id='word_1_54' title='bbox 164 1161 307 1227; x_wconf 86' lang='lat' dir='ltr'><strong>maxime</strong></span> <span class='ocrx_word' id='word_1_55' title='bbox 330 1159 512 1243; x_wconf 79' lang='lat' dir='ltr'><strong>praetendit</strong></span> <span class='ocrx_word' id='word_1_56' title='bbox 534 1179 673 1226; x_wconf 88' lang='lat' dir='ltr'><strong>causam.</strong></span> <span class='ocrx_word' id='word_1_57' title='bbox 717 1160 768 1225; x_wconf 87' lang='lat' dir='ltr'><strong>Ex</strong></span> <span class='ocrx_word' id='word_1_58' title='bbox 789 1162 893 1228; x_wconf 88' lang='lat' dir='ltr'><strong>altera</strong></span> <span class='ocrx_word' id='word_1_59' title='bbox 923 1163 1008 1228; x_wconf 90' lang='lat' dir='ltr'><strong>enim</strong></span> <span class='ocrx_word' id='word_1_60' title='bbox 1030 1167 1123 1248; x_wconf 85' lang='lat' dir='ltr'><strong>parte</strong></span> <span class='ocrx_word' id='word_1_61' title='bbox 1150 1161 1319 1230; x_wconf 90' lang='lat' dir='ltr'><strong>honestum</strong></span> 
     </span>
     <span class='ocr_line' id='line_1_9' title="bbox 165 1261 1320 1347; baseline 0.003 -18"><span class='ocrx_word' id='word_1_62' title='bbox 165 1284 229 1330; x_wconf 92' lang='lat' dir='ltr'><strong>non</strong></span> <span class='ocrx_word' id='word_1_63' title='bbox 259 1281 348 1344; x_wconf 85' lang='lat' dir='ltr'><strong>esse,</strong></span> <span class='ocrx_word' id='word_1_64' title='bbox 383 1261 411 1327; x_wconf 90' lang='lat' dir='ltr'><strong>si</strong></span> <span class='ocrx_word' id='word_1_65' title='bbox 440 1261 607 1328; x_wconf 90' lang='lat' dir='ltr'><strong>moenibus</strong></span> <span class='ocrx_word' id='word_1_66' title='bbox 635 1261 749 1328; x_wconf 86' lang='lat' dir='ltr'><strong>inclusi</strong></span> <span class='ocrx_word' id='word_1_67' title='bbox 778 1263 965 1347; x_wconf 82' lang='lat' dir='ltr'><strong>obsessique</strong></span> <span class='ocrx_word' id='word_1_68' title='bbox 993 1264 1084 1347; x_wconf 88' lang='lat' dir='ltr'><strong>pacis</strong></span> <span class='ocrx_word' id='word_1_69' title='bbox 1113 1264 1320 1333; x_wconf 89' lang='lat' dir='ltr'><strong>condiciones</strong></span> 
     </span>
     <span class='ocr_line' id='line_1_10' title="bbox 164 1361 1318 1448; baseline 0.003 -17"><span class='ocrx_word' id='word_1_70' title='bbox 164 1365 259 1448; x_wconf 90' lang='lat' dir='ltr'><strong>qnasi</strong></span> <span class='ocrx_word' id='word_1_71' title='bbox 282 1363 456 1431; x_wconf 89' lang='lat' dir='ltr'><strong>subeuntes</strong></span> <span class='ocrx_word' id='word_1_72' title='bbox 479 1364 521 1428; x_wconf 92' lang='lat' dir='ltr'><strong>ab</strong></span> <span class='ocrx_word' id='word_1_73' title='bbox 543 1363 641 1429; x_wconf 87' lang='lat' dir='ltr'><strong>armis</strong></span> <span class='ocrx_word' id='word_1_74' title='bbox 656 1361 868 1447; x_wconf 80' lang='lat' dir='ltr'><strong>discederent,</strong></span> <span class='ocrx_word' id='word_1_75' title='bbox 892 1385 934 1432; x_wconf 82' lang='lat' dir='ltr'><strong>cx</strong></span> <span class='ocrx_word' id='word_1_76' title='bbox 949 1366 1052 1432; x_wconf 90' lang='lat' dir='ltr'><strong>altera</strong></span> <span class='ocrx_word' id='word_1_77' title='bbox 1067 1385 1144 1432; x_wconf 85' lang='lat' dir='ltr'><strong>vero</strong></span> <span class='ocrx_word' id='word_1_78' title='bbox 1161 1367 1195 1432; x_wconf 88' lang='lat' dir='ltr'><strong>L.</strong></span> <span class='ocrx_word' id='word_1_79' title='bbox 1212 1368 1318 1434; x_wconf 89' lang='lat' dir='ltr'><strong>Aemi·</strong></span> 
     </span>
     <span class='ocr_line' id='line_1_11' title="bbox 166 1464 1320 1551; baseline 0.003 -19"><span class='ocrx_word' id='word_1_80' title='bbox 166 1469 246 1534; x_wconf 92' lang='lat' dir='ltr'><strong>lium</strong></span> <span class='ocrx_word' id='word_1_81' title='bbox 272 1464 434 1550; x_wconf 91' lang='lat' dir='ltr'><strong>impediri,</strong></span> <span class='ocrx_word' id='word_1_82' title='bbox 459 1466 630 1549; x_wconf 90' lang='lat' dir='ltr'><strong>quominus</strong></span> <span class='ocrx_word' id='word_1_83' title='bbox 652 1464 775 1531; x_wconf 86' lang='lat' dir='ltr'><strong>exitum</strong></span> <span class='ocrx_word' id='word_1_84' title='bbox 797 1468 844 1532; x_wconf 89' lang='lat' dir='ltr'><strong>rei</strong></span> <span class='ocrx_word' id='word_1_85' title='bbox 861 1467 1048 1550; x_wconf 89' lang='lat' dir='ltr'><strong>imponeret.</strong></span> <span class='ocrx_word' id='word_1_86' title='bbox 1087 1467 1235 1551; x_wconf 82' lang='lat' dir='ltr'><strong>Namque</strong></span> <span class='ocrx_word' id='word_1_87' title='bbox 1251 1469 1320 1536; x_wconf 89' lang='lat' dir='ltr'><strong>sine</strong></span> 
     </span>
     <span class='ocr_line' id='line_1_12' title="bbox 166 1567 1321 1653; baseline 0.002 -17"><span class='ocrx_word' id='word_1_88' title='bbox 166 1570 296 1636; x_wconf 90' lang='lat' dir='ltr'><strong>consule</strong></span> <span class='ocrx_word' id='word_1_89' title='bbox 319 1588 383 1634; x_wconf 91' lang='lat' dir='ltr'><strong>nou</strong></span> <span class='ocrx_word' id='word_1_90' title='bbox 398 1587 494 1651; x_wconf 88' lang='lat' dir='ltr'><strong>posse</strong></span> <span class='ocrx_word' id='word_1_91' title='bbox 516 1586 589 1634; x_wconf 90' lang='lat' dir='ltr'><strong>eum</strong></span> <span class='ocrx_word' id='word_1_92' title='bbox 605 1586 678 1633; x_wconf 87' lang='lat' dir='ltr'><strong>cum</strong></span> <span class='ocrx_word' id='word_1_93' title='bbox 694 1567 854 1634; x_wconf 88' lang='lat' dir='ltr'><strong>Antiocho</strong></span> <span class='ocrx_word' id='word_1_94' title='bbox 877 1569 960 1636; x_wconf 88' lang='lat' dir='ltr'><strong>iusto</strong></span> <span class='ocrx_word' id='word_1_95' title='bbox 975 1589 1014 1634; x_wconf 90' lang='lat' dir='ltr'><strong>ae</strong></span> <span class='ocrx_word' id='word_1_96' title='bbox 1035 1568 1177 1651; x_wconf 78' lang='lat' dir='ltr'><strong>legitime</strong></span> <span class='ocrx_word' id='word_1_97' title='bbox 1199 1571 1321 1653; x_wconf 88' lang='lat' dir='ltr'><strong>pacisci</strong></span> 
     </span>
     <span class='ocr_line' id='line_1_13' title="bbox 165 1669 1321 1755; baseline 0.003 -18"><span class='ocrx_word' id='word_1_98' title='bbox 165 1677 262 1754; x_wconf 91' lang='lat' dir='ltr'><strong>atque</strong></span> <span class='ocrx_word' id='word_1_99' title='bbox 286 1671 383 1736; x_wconf 87' lang='lat' dir='ltr'><strong>etiam</strong></span> <span class='ocrx_word' id='word_1_100' title='bbox 407 1669 434 1736; x_wconf 88' lang='lat' dir='ltr'><strong>si</strong></span> <span class='ocrx_word' id='word_1_101' title='bbox 457 1669 536 1753; x_wconf 90' lang='lat' dir='ltr'><strong>quid</strong></span> <span class='ocrx_word' id='word_1_102' title='bbox 558 1675 718 1736; x_wconf 90' lang='lat' dir='ltr'><strong>aunuente</strong></span> <span class='ocrx_word' id='word_1_103' title='bbox 741 1669 798 1735; x_wconf 94' lang='lat' dir='ltr'><strong>illo</strong></span> <span class='ocrx_word' id='word_1_104' title='bbox 820 1671 903 1736; x_wconf 90' lang='lat' dir='ltr'><strong>inter</strong></span> <span class='ocrx_word' id='word_1_105' title='bbox 924 1689 958 1738; x_wconf 88' lang='lat' dir='ltr'><strong>se</strong></span> <span class='ocrx_word' id='word_1_106' title='bbox 981 1672 1190 1755; x_wconf 83' lang='lat' dir='ltr'><strong>pepigissent,</strong></span> <span class='ocrx_word' id='word_1_107' title='bbox 1212 1693 1321 1740; x_wconf 86' lang='lat' dir='ltr'><strong>neces·</strong></span> 
     </span>
     <span class='ocr_line' id='line_1_14' title="bbox 165 1771 1321 1856; baseline 0.002 -16"><span class='ocrx_word' id='word_1_108' title='bbox 165 1774 251 1840; x_wconf 90' lang='lat' dir='ltr'><strong>sario</strong></span> <span class='ocrx_word' id='word_1_109' title='bbox 274 1778 421 1838; x_wconf 87' lang='lat' dir='ltr'><strong>senatum</strong></span> <span class='ocrx_word' id='word_1_110' title='bbox 444 1772 664 1856; x_wconf 90' lang='lat' dir='ltr'><strong>populumque</strong></span> <span class='ocrx_word' id='word_1_111' title='bbox 685 1771 864 1838; x_wconf 86' lang='lat' dir='ltr'><strong>Romanum</strong></span> <span class='ocrx_word' id='word_1_112' title='bbox 886 1774 977 1856; x_wconf 83' lang='lat' dir='ltr'><strong>pacis</strong></span> <span class='ocrx_word' id='word_1_113' title='bbox 1005 1780 1152 1840; x_wconf 85' lang='lat' dir='ltr'><strong>auctores</strong></span> <span class='ocrx_word' id='word_1_114' title='bbox 1174 1774 1243 1841; x_wconf 88' lang='lat' dir='ltr'><strong>fieri</strong></span> <span class='ocrx_word' id='word_1_115' title='bbox 1267 1775 1321 1842; x_wconf 90' lang='lat' dir='ltr'><strong>de·</strong></span> 
     </span>
     <span class='ocr_line' id='line_1_15' title="bbox 164 1874 1320 1958; baseline 0.002 -16"><span class='ocrx_word' id='word_1_116' title='bbox 164 1877 253 1958; x_wconf 90' lang='lat' dir='ltr'><strong>bere,</strong></span> <span class='ocrx_word' id='word_1_117' title='bbox 277 1879 450 1956; x_wconf 85' lang='lat' dir='ltr'><strong>antequam</strong></span> <span class='ocrx_word' id='word_1_118' title='bbox 472 1893 572 1940; x_wconf 87' lang='lat' dir='ltr'><strong>naves</strong></span> <span class='ocrx_word' id='word_1_119' title='bbox 589 1875 814 1956; x_wconf 84' lang='lat' dir='ltr'><strong>exercitusque</strong></span> <span class='ocrx_word' id='word_1_120' title='bbox 830 1874 942 1940; x_wconf 83' lang='lat' dir='ltr'><strong>Asiam</strong></span> <span class='ocrx_word' id='word_1_121' title='bbox 958 1875 1184 1958; x_wconf 88' lang='lat' dir='ltr'><strong>relinquerent.</strong></span> <span class='ocrx_word' id='word_1_122' title='bbox 1215 1877 1320 1944; x_wconf 89' lang='lat' dir='ltr'><strong>Prius·</strong></span> 
     </span>
     <span class='ocr_line' id='line_1_16' title="bbox 166 1975 1322 2061; baseline 0.002 -18"><span class='ocrx_word' id='word_1_123' title='bbox 166 1980 261 2061; x_wconf 89' lang='lat' dir='ltr'><strong>quam</strong></span> <span class='ocrx_word' id='word_1_124' title='bbox 285 1976 382 2058; x_wconf 86' lang='lat' dir='ltr'><strong>igitur</strong></span> <span class='ocrx_word' id='word_1_125' title='bbox 405 1975 518 2042; x_wconf 90' lang='lat' dir='ltr'><strong>borum</strong></span> <span class='ocrx_word' id='word_1_126' title='bbox 538 1995 729 2059; x_wconf 85' lang='lat' dir='ltr'><strong>responsum</strong></span> <span class='ocrx_word' id='word_1_127' title='bbox 751 1976 967 2059; x_wconf 88' lang='lat' dir='ltr'><strong>accepissent,</strong></span> <span class='ocrx_word' id='word_1_128' title='bbox 997 1978 1157 2044; x_wconf 87' lang='lat' dir='ltr'><strong>exercitus</strong></span> <span class='ocrx_word' id='word_1_129' title='bbox 1188 1978 1220 2042; x_wconf 94' lang='lat' dir='ltr'><strong>in</strong></span> <span class='ocrx_word' id='word_1_130' title='bbox 1244 1979 1322 2045; x_wconf 87' lang='lat' dir='ltr'><strong>Asia</strong></span> 
     </span>
     <span class='ocr_line' id='line_1_17' title="bbox 165 2075 1321 2161; baseline 0.001 -17"><span class='ocrx_word' id='word_1_131' title='bbox 165 2098 274 2146; x_wconf 87' lang='lat' dir='ltr'><strong>rursus</strong></span> <span class='ocrx_word' id='word_1_132' title='bbox 297 2078 330 2142; x_wconf 93' lang='lat' dir='ltr'><strong>in</strong></span> <span class='ocrx_word' id='word_1_133' title='bbox 354 2075 497 2144; x_wconf 87' lang='lat' dir='ltr'><strong>bibernis</strong></span> <span class='ocrx_word' id='word_1_134' title='bbox 520 2077 726 2145; x_wconf 90' lang='lat' dir='ltr'><strong>collocandos</strong></span> <span class='ocrx_word' id='word_1_135' title='bbox 754 2085 852 2160; x_wconf 85' lang='lat' dir='ltr'><strong>atque</strong></span> <span class='ocrx_word' id='word_1_136' title='bbox 878 2078 1019 2161; x_wconf 90' lang='lat' dir='ltr'><strong>amplius</strong></span> <span class='ocrx_word' id='word_1_137' title='bbox 1045 2087 1256 2145; x_wconf 90' lang='lat' dir='ltr'><strong>commeatum</strong></span> <span class='ocrx_word' id='word_1_138' title='bbox 1280 2081 1321 2145; x_wconf 90' lang='lat' dir='ltr'><strong>ab</strong></span> 
     </span>
     <span class='ocr_line' id='line_1_18' title="bbox 166 2177 1321 2265; baseline 0.003 -19"><span class='ocrx_word' id='word_1_139' title='bbox 166 2177 418 2264; x_wconf 83' lang='lat' dir='ltr'><strong>indignabundis</strong></span> <span class='ocrx_word' id='word_1_140' title='bbox 434 2179 531 2245; x_wconf 91' lang='lat' dir='ltr'><strong>sociis</strong></span> <span class='ocrx_word' id='word_1_141' title='bbox 548 2179 800 2262; x_wconf 88' lang='lat' dir='ltr'><strong>conquirendum</strong></span> <span class='ocrx_word' id='word_1_142' title='bbox 817 2199 898 2246; x_wconf 89' lang='lat' dir='ltr'><strong>esse.</strong></span> <span class='ocrx_word' id='word_1_143' title='bbox 936 2178 980 2244; x_wconf 92' lang='lat' dir='ltr'><strong>Ut</strong></span> <span class='ocrx_word' id='word_1_144' title='bbox 991 2198 1069 2245; x_wconf 86' lang='lat' dir='ltr'><strong>vero</strong></span> <span class='ocrx_word' id='word_1_145' title='bbox 1084 2186 1192 2263; x_wconf 90' lang='lat' dir='ltr'><strong>patres</strong></span> <span class='ocrx_word' id='word_1_146' title='bbox 1207 2201 1321 2265; x_wconf 88' lang='lat' dir='ltr'><strong>paoem</strong></span> 
     </span>
     <span class='ocr_line' id='line_1_19' title="bbox 166 2280 1323 2367; baseline -0.003 -18"><span class='ocrx_word' id='word_1_147' title='bbox 166 2284 291 2349; x_wconf 91' lang='lat' dir='ltr'><strong>iniussu</strong></span> <span class='ocrx_word' id='word_1_148' title='bbox 313 2282 426 2367; x_wconf 92' lang='lat' dir='ltr'><strong>populi</strong></span> <span class='ocrx_word' id='word_1_149' title='bbox 442 2282 579 2346; x_wconf 89' lang='lat' dir='ltr'><strong>Romani</strong></span> <span class='ocrx_word' id='word_1_150' title='bbox 601 2281 719 2348; x_wconf 87' lang='lat' dir='ltr'><strong>factam</strong></span> <span class='ocrx_word' id='word_1_151' title='bbox 735 2280 952 2366; x_wconf 86' lang='lat' dir='ltr'><strong>repudiarent,</strong></span> <span class='ocrx_word' id='word_1_152' title='bbox 975 2281 1020 2346; x_wconf 90' lang='lat' dir='ltr'><strong>nil</strong></span> <span class='ocrx_word' id='word_1_153' title='bbox 1037 2281 1187 2365; x_wconf 91' lang='lat' dir='ltr'><strong>relinqui,</strong></span> <span class='ocrx_word' id='word_1_154' title='bbox 1209 2282 1272 2348; x_wconf 87' lang='lat' dir='ltr'><strong>nisi</strong></span> <span class='ocrx_word' id='word_1_155' title='bbox 1288 2288 1323 2347; x_wconf 92' lang='lat' dir='ltr'><strong>ut</strong></span> 
     </span>
     <span class='ocr_line' id='line_1_20' title="bbox 167 2380 1321 2467; baseline -0.001 -17"><span class='ocrx_word' id='word_1_156' title='bbox 167 2386 281 2451; x_wconf 90' lang='lat' dir='ltr'><strong>iterum</strong></span> <span class='ocrx_word' id='word_1_157' title='bbox 308 2383 429 2448; x_wconf 92' lang='lat' dir='ltr'><strong>bellum</strong></span> <span class='ocrx_word' id='word_1_158' title='bbox 457 2384 671 2467; x_wconf 89' lang='lat' dir='ltr'><strong>susciperent,</strong></span> <span class='ocrx_word' id='word_1_159' title='bbox 706 2384 805 2467; x_wconf 93' lang='lat' dir='ltr'><strong>idque</strong></span> <span class='ocrx_word' id='word_1_160' title='bbox 834 2383 934 2450; x_wconf 91' lang='lat' dir='ltr'><strong>multo</strong></span> <span class='ocrx_word' id='word_1_161' title='bbox 966 2380 1136 2449; x_wconf 79' lang='lat' dir='ltr'><strong>afflictione</strong></span> <span class='ocrx_word' id='word_1_162' title='bbox 1169 2384 1217 2450; x_wconf 88' lang='lat' dir='ltr'><strong>usi</strong></span> <span class='ocrx_word' id='word_1_163' title='bbox 1247 2404 1321 2450; x_wconf 89' lang='lat' dir='ltr'><strong>con·</strong></span> 
     </span>
     <span class='ocr_line' id='line_1_21' title="bbox 166 2484 1323 2570; baseline -0.002 -18"><span class='ocrx_word' id='word_1_164' title='bbox 166 2487 309 2552; x_wconf 90' lang='lat' dir='ltr'><strong>dicione:</strong></span> <span class='ocrx_word' id='word_1_165' title='bbox 333 2485 450 2550; x_wconf 92' lang='lat' dir='ltr'><strong>etenim</strong></span> <span class='ocrx_word' id='word_1_166' title='bbox 474 2504 557 2551; x_wconf 90' lang='lat' dir='ltr'><strong>nuuc</strong></span> <span class='ocrx_word' id='word_1_167' title='bbox 580 2484 855 2568; x_wconf 86' lang='lat' dir='ltr'><strong>quidembellum</strong></span> <span class='ocrx_word' id='word_1_168' title='bbox 879 2484 972 2569; x_wconf 90' lang='lat' dir='ltr'><strong>quasi</strong></span> <span class='ocrx_word' id='word_1_169' title='bbox 995 2505 1057 2550; x_wconf 91' lang='lat' dir='ltr'><strong>uno</strong></span> <span class='ocrx_word' id='word_1_170' title='bbox 1080 2485 1146 2551; x_wconf 90' lang='lat' dir='ltr'><strong>ictu</strong></span> <span class='ocrx_word' id='word_1_171' title='bbox 1167 2485 1323 2570; x_wconf 88' lang='lat' dir='ltr'><strong>perfacile</strong></span> 
     </span>
     <span class='ocr_line' id='line_1_22' title="bbox 166 2586 1323 2670; baseline -0.003 -15"><span class='ocrx_word' id='word_1_172' title='bbox 166 2595 241 2655; x_wconf 90' lang='lat' dir='ltr'><strong>ante</strong></span> <span class='ocrx_word' id='word_1_173' title='bbox 265 2586 404 2652; x_wconf 88' lang='lat' dir='ltr'><strong>hiemem</strong></span> <span class='ocrx_word' id='word_1_174' title='bbox 428 2587 561 2670; x_wconf 81' lang='lat' dir='ltr'><strong>transigi</strong></span> <span class='ocrx_word' id='word_1_175' title='bbox 590 2606 703 2670; x_wconf 91' lang='lat' dir='ltr'><strong>posse,</strong></span> <span class='ocrx_word' id='word_1_176' title='bbox 734 2590 864 2654; x_wconf 86' lang='lat' dir='ltr'><strong>ineunte</strong></span> <span class='ocrx_word' id='word_1_177' title='bbox 893 2595 1000 2654; x_wconf 90' lang='lat' dir='ltr'><strong>autem</strong></span> <span class='ocrx_word' id='word_1_178' title='bbox 1031 2606 1106 2653; x_wconf 90' lang='lat' dir='ltr'><strong>vere</strong></span> <span class='ocrx_word' id='word_1_179' title='bbox 1129 2587 1323 2654; x_wconf 85' lang='lat' dir='ltr'><strong>Antiochum</strong></span> 
     </span>
     <span class='ocr_line' id='line_1_23' title="bbox 166 2689 1322 2774; baseline -0.002 -18"><span class='ocrx_word' id='word_1_180' title='bbox 166 2690 290 2756; x_wconf 89' lang='lat' dir='ltr'><strong>viribus</strong></span> <span class='ocrx_word' id='word_1_181' title='bbox 322 2690 504 2755; x_wconf 87' lang='lat' dir='ltr'><strong>recentibus</strong></span> <span class='ocrx_word' id='word_1_182' title='bbox 537 2689 581 2754; x_wconf 90' lang='lat' dir='ltr'><strong>ad</strong></span> <span class='ocrx_word' id='word_1_183' title='bbox 619 2689 739 2754; x_wconf 92' lang='lat' dir='ltr'><strong>bellum</strong></span> <span class='ocrx_word' id='word_1_184' title='bbox 780 2691 997 2774; x_wconf 88' lang='lat' dir='ltr'><strong>profecturum</strong></span> <span class='ocrx_word' id='word_1_185' title='bbox 1031 2708 1101 2755; x_wconf 92' lang='lat' dir='ltr'><strong>esse</strong></span> <span class='ocrx_word' id='word_1_186' title='bbox 1135 2696 1322 2756; x_wconf 87' lang='lat' dir='ltr'><strong>recreatum.</strong></span> 
     </span>
     <span class='ocr_line' id='line_1_24' title="bbox 167 2790 1324 2875; baseline -0.002 -17"><span class='ocrx_word' id='word_1_187' title='bbox 167 2791 259 2870; x_wconf 76' lang='lat' dir='ltr'><strong>Quae</strong></span> <span class='ocrx_word' id='word_1_188' title='bbox 283 2811 356 2856; x_wconf 91' lang='lat' dir='ltr'><strong>cum</strong></span> <span class='ocrx_word' id='word_1_189' title='bbox 371 2790 528 2857; x_wconf 86' lang='lat' dir='ltr'><strong>Aemilius</strong></span> <span class='ocrx_word' id='word_1_190' title='bbox 544 2811 607 2857; x_wconf 88' lang='lat' dir='ltr'><strong>nou</strong></span> <span class='ocrx_word' id='word_1_191' title='bbox 624 2792 732 2874; x_wconf 88' lang='lat' dir='ltr'><strong>inepte</strong></span> <span class='ocrx_word' id='word_1_192' title='bbox 748 2791 836 2857; x_wconf 86' lang='lat' dir='ltr'><strong>diota</strong></span> <span class='ocrx_word' id='word_1_193' title='bbox 856 2796 1010 2875; x_wconf 90' lang='lat' dir='ltr'><strong>putasset,</strong></span> <span class='ocrx_word' id='word_1_194' title='bbox 1034 2791 1185 2857; x_wconf 91' lang='lat' dir='ltr'><strong>Antiochi</strong></span> <span class='ocrx_word' id='word_1_195' title='bbox 1209 2792 1324 2873; x_wconf 88' lang='lat' dir='ltr'><strong>legatis</strong></span> 
     </span>
     <span class='ocr_line' id='line_1_25' title="bbox 167 2891 1323 2978; baseline -0.003 -18"><span class='ocrx_word' id='word_1_196' title='bbox 167 2893 335 2978; x_wconf 90' lang='lat' dir='ltr'><strong>respondit</strong></span> <span class='ocrx_word' id='word_1_197' title='bbox 362 2899 436 2958; x_wconf 87' lang='lat' dir='ltr'><strong>ente</strong></span> <span class='ocrx_word' id='word_1_198' title='bbox 468 2893 607 2960; x_wconf 89' lang='lat' dir='ltr'><strong>consulis</strong></span> <span class='ocrx_word' id='word_1_199' title='bbox 636 2892 810 2959; x_wconf 89' lang='lat' dir='ltr'><strong>adventum</strong></span> <span class='ocrx_word' id='word_1_200' title='bbox 839 2891 880 2958; x_wconf 93' lang='lat' dir='ltr'><strong>de</strong></span> <span class='ocrx_word' id='word_1_201' title='bbox 909 2892 999 2976; x_wconf 88' lang='lat' dir='ltr'><strong>pacis</strong></span> <span class='ocrx_word' id='word_1_202' title='bbox 1029 2891 1155 2973; x_wconf 85' lang='lat' dir='ltr'><strong>legibus</strong></span> <span class='ocrx_word' id='word_1_203' title='bbox 1184 2898 1323 2958; x_wconf 86' lang='lat' dir='ltr'><strong>tractare</strong></span> 
     </span>
     <span class='ocr_line' id='line_1_26' title="bbox 170 3013 456 3079; baseline -0.01 -16"><span class='ocrx_word' id='word_1_204' title='bbox 170 3015 241 3063; x_wconf 90' lang='lat' dir='ltr'><strong>sese</strong></span> <span class='ocrx_word' id='word_1_205' title='bbox 263 3014 327 3061; x_wconf 91' lang='lat' dir='ltr'><strong>non</strong></span> <span class='ocrx_word' id='word_1_206' title='bbox 350 3013 456 3079; x_wconf 89' lang='lat' dir='ltr'><strong>posse.</strong></span> 
     </span>
    </p>

    <p class='ocr_par' dir='ltr' id='par_1_4' title="bbox 168 3094 1327 4200">
     <span class='ocr_line' id='line_1_27' title="bbox 253 3094 1323 3180; baseline -0.003 -17"><span class='ocrx_word' id='word_1_207' title='bbox 253 3099 359 3180; x_wconf 86' lang='lat' dir='ltr'><strong>Atque</strong></span> <span class='ocrx_word' id='word_1_208' title='bbox 382 3097 428 3161; x_wconf 87' lang='lat' dir='ltr'><strong>ita</strong></span> <span class='ocrx_word' id='word_1_209' title='bbox 450 3095 650 3164; x_wconf 91' lang='lat' dir='ltr'><strong>hauddubie</strong></span> <span class='ocrx_word' id='word_1_210' title='bbox 667 3096 803 3162; x_wconf 80' lang='lat' dir='ltr'><strong>Eumeni</strong></span> <span class='ocrx_word' id='word_1_211' title='bbox 825 3095 915 3160; x_wconf 90' lang='lat' dir='ltr'><strong>laudi</strong></span> <span class='ocrx_word' id='word_1_212' title='bbox 939 3094 1091 3179; x_wconf 92' lang='lat' dir='ltr'><strong>dandum,</strong></span> <span class='ocrx_word' id='word_1_213' title='bbox 1114 3095 1201 3179; x_wconf 94' lang='lat' dir='ltr'><strong>quod</strong></span> <span class='ocrx_word' id='word_1_214' title='bbox 1217 3097 1323 3162; x_wconf 85' lang='lat' dir='ltr'><strong>Aemi-</strong></span> 
     </span>
     <span class='ocr_line' id='line_1_28' title="bbox 168 3197 1323 3284; baseline -0.002 -18"><span class='ocrx_word' id='word_1_215' title='bbox 168 3201 247 3266; x_wconf 93' lang='lat' dir='ltr'><strong>lium</strong></span> <span class='ocrx_word' id='word_1_216' title='bbox 276 3218 314 3266; x_wconf 94' lang='lat' dir='ltr'><strong>eo</strong></span> <span class='ocrx_word' id='word_1_217' title='bbox 337 3217 438 3281; x_wconf 91' lang='lat' dir='ltr'><strong>usquc</strong></span> <span class='ocrx_word' id='word_1_218' title='bbox 461 3199 613 3282; x_wconf 86' lang='lat' dir='ltr'><strong>ignaviae</strong></span> <span class='ocrx_word' id='word_1_219' title='bbox 636 3197 788 3283; x_wconf 85' lang='lat' dir='ltr'><strong>progredi</strong></span> <span class='ocrx_word' id='word_1_220' title='bbox 818 3197 996 3284; x_wconf 90' lang='lat' dir='ltr'><strong>prohibuit,</strong></span> <span class='ocrx_word' id='word_1_221' title='bbox 1027 3204 1061 3264; x_wconf 90' lang='lat' dir='ltr'><strong>ut</strong></span> <span class='ocrx_word' id='word_1_222' title='bbox 1083 3199 1124 3263; x_wconf 93' lang='lat' dir='ltr'><strong>de</strong></span> <span class='ocrx_word' id='word_1_223' title='bbox 1147 3219 1228 3283; x_wconf 87' lang='lat' dir='ltr'><strong>pace</strong></span> <span class='ocrx_word' id='word_1_224' title='bbox 1251 3218 1323 3264; x_wconf 89' lang='lat' dir='ltr'><strong>oum</strong></span> 
     </span>
     <span class='ocr_line' id='line_1_29' title="bbox 168 3299 1325 3385; baseline -0.003 -17"><span class='ocrx_word' id='word_1_225' title='bbox 168 3300 328 3369; x_wconf 89' lang='lat' dir='ltr'><strong>Antiocho</strong></span> <span class='ocrx_word' id='word_1_226' title='bbox 359 3302 603 3385; x_wconf 89' lang='lat' dir='ltr'><strong>colloqueretur.</strong></span> <span class='ocrx_word' id='word_1_227' title='bbox 659 3299 786 3378; x_wconf 81' lang='lat' dir='ltr'><strong>Quanto</strong></span> <span class='ocrx_word' id='word_1_228' title='bbox 819 3319 898 3367; x_wconf 81' lang='lat' dir='ltr'><strong>uero</strong></span> <span class='ocrx_word' id='word_1_229' title='bbox 931 3302 1060 3384; x_wconf 83' lang='lat' dir='ltr'><strong>dignior·</strong></span> <span class='ocrx_word' id='word_1_230' title='bbox 1090 3299 1235 3383; x_wconf 86' lang='lat' dir='ltr'><strong>videtur,</strong></span> <span class='ocrx_word' id='word_1_231' title='bbox 1269 3301 1325 3382; x_wconf 92' lang='lat' dir='ltr'><strong>qni</strong></span> 
     </span>
     <span class='ocr_line' id='line_1_30' title="bbox 168 3402 1327 3489; baseline -0.003 -21"><span class='ocrx_word' id='word_1_232' title='bbox 168 3403 319 3470; x_wconf 88' lang='lat' dir='ltr'><strong>laudibus</strong></span> <span class='ocrx_word' id='word_1_233' title='bbox 345 3405 477 3470; x_wconf 89' lang='lat' dir='ltr'><strong>summis</strong></span> <span class='ocrx_word' id='word_1_234' title='bbox 508 3403 667 3489; x_wconf 86' lang='lat' dir='ltr'><strong>efferatur,</strong></span> <span class='ocrx_word' id='word_1_235' title='bbox 690 3404 784 3470; x_wconf 90' lang='lat' dir='ltr'><strong>nobis</strong></span> <span class='ocrx_word' id='word_1_236' title='bbox 807 3402 1102 3485; x_wconf 88' lang='lat' dir='ltr'><strong>considerantibus,</strong></span> <span class='ocrx_word' id='word_1_237' title='bbox 1129 3423 1193 3484; x_wconf 91' lang='lat' dir='ltr'><strong>qua</strong></span> <span class='ocrx_word' id='word_1_238' title='bbox 1215 3403 1327 3483; x_wconf 90' lang='lat' dir='ltr'><strong>iniqua</strong></span> 
     </span>
     <span class='ocr_line' id='line_1_31' title="bbox 170 3502 1326 3587; baseline -0.005 -15"><span class='ocrx_word' id='word_1_239' title='bbox 170 3506 360 3572; x_wconf 87' lang='lat' dir='ltr'><strong>condicione</strong></span> <span class='ocrx_word' id='word_1_240' title='bbox 383 3524 458 3572; x_wconf 90' lang='lat' dir='ltr'><strong>usus</strong></span> <span class='ocrx_word' id='word_1_241' title='bbox 474 3525 532 3570; x_wconf 86' lang='lat' dir='ltr'><strong>rex</strong></span> <span class='ocrx_word' id='word_1_242' title='bbox 555 3512 620 3570; x_wconf 88' lang='lat' dir='ltr'><strong>tarn</strong></span> <span class='ocrx_word' id='word_1_243' title='bbox 643 3506 756 3571; x_wconf 86' lang='lat' dir='ltr'><strong>fortem</strong></span> <span class='ocrx_word' id='word_1_244' title='bbox 779 3522 850 3570; x_wconf 87' lang='lat' dir='ltr'><strong>sese</strong></span> <span class='ocrx_word' id='word_1_245' title='bbox 872 3505 1084 3587; x_wconf 88' lang='lat' dir='ltr'><strong>praestiterit!</strong></span> <span class='ocrx_word' id='word_1_246' title='bbox 1123 3503 1271 3585; x_wconf 87' lang='lat' dir='ltr'><strong>Namque</strong></span> <span class='ocrx_word' id='word_1_247' title='bbox 1292 3502 1326 3566; x_wconf 92' lang='lat' dir='ltr'><strong>id</strong></span> 
     </span>
     <span class='ocr_line' id='line_1_32' title="bbox 169 3606 1325 3691; baseline -0.004 -19"><span class='ocrx_word' id='word_1_248' title='bbox 169 3607 202 3672; x_wconf 92' lang='lat' dir='ltr'><strong>in</strong></span> <span class='ocrx_word' id='word_1_249' title='bbox 232 3607 402 3691; x_wconf 85' lang='lat' dir='ltr'><strong>propatulo</strong></span> <span class='ocrx_word' id='word_1_250' title='bbox 432 3612 481 3672; x_wconf 85' lang='lat' dir='ltr'><strong>est</strong></span> <span class='ocrx_word' id='word_1_251' title='bbox 507 3627 662 3673; x_wconf 90' lang='lat' dir='ltr'><strong>summam</strong></span> <span class='ocrx_word' id='word_1_252' title='bbox 686 3607 858 3672; x_wconf 86' lang='lat' dir='ltr'><strong>utilitatem</strong></span> <span class='ocrx_word' id='word_1_253' title='bbox 881 3625 922 3670; x_wconf 83' lang='lat' dir='ltr'><strong>ex</strong></span> <span class='ocrx_word' id='word_1_254' title='bbox 945 3625 1025 3688; x_wconf 86' lang='lat' dir='ltr'><strong>pace</strong></span> <span class='ocrx_word' id='word_1_255' title='bbox 1049 3606 1229 3688; x_wconf 88' lang='lat' dir='ltr'><strong>composite</strong></span> <span class='ocrx_word' id='word_1_256' title='bbox 1251 3622 1325 3685; x_wconf 88' lang='lat' dir='ltr'><strong>oup-</strong></span> 
     </span>
     <span class='ocr_line' id='line_1_33' title="bbox 170 3705 1326 3793; baseline -0.004 -18"><span class='ocrx_word' id='word_1_257' title='bbox 170 3718 274 3775; x_wconf 87' lang='lat' dir='ltr'><strong>turum</strong></span> <span class='ocrx_word' id='word_1_258' title='bbox 297 3709 398 3775; x_wconf 83' lang='lat' dir='ltr'><strong>fuisse</strong></span> <span class='ocrx_word' id='word_1_259' title='bbox 421 3729 511 3793; x_wconf 90' lang='lat' dir='ltr'><strong>eum,</strong></span> <span class='ocrx_word' id='word_1_260' title='bbox 536 3711 626 3776; x_wconf 89' lang='lat' dir='ltr'><strong>cuius</strong></span> <span class='ocrx_word' id='word_1_261' title='bbox 650 3715 754 3774; x_wconf 86' lang='lat' dir='ltr'><strong>terrae</strong></span> <span class='ocrx_word' id='word_1_262' title='bbox 775 3729 796 3773; x_wconf 93' lang='lat' dir='ltr'><strong>a</strong></span> <span class='ocrx_word' id='word_1_263' title='bbox 818 3706 944 3772; x_wconf 90' lang='lat' dir='ltr'><strong>duobus</strong></span> <span class='ocrx_word' id='word_1_264' title='bbox 968 3705 1107 3773; x_wconf 89' lang='lat' dir='ltr'><strong>hostium</strong></span> <span class='ocrx_word' id='word_1_265' title='bbox 1132 3705 1326 3772; x_wconf 83' lang='lat' dir='ltr'><strong>exercitibus</strong></span> 
     </span>
     <span class='ocr_line' id='line_1_34' title="bbox 170 3809 1326 3896; baseline -0.006 -18"><span class='ocrx_word' id='word_1_266' title='bbox 170 3818 347 3896; x_wconf 88' lang='lat' dir='ltr'><strong>occupatae</strong></span> <span class='ocrx_word' id='word_1_267' title='bbox 371 3811 605 3894; x_wconf 86' lang='lat' dir='ltr'><strong>diripiebantur</strong></span> <span class='ocrx_word' id='word_1_268' title='bbox 628 3819 660 3876; x_wconf 93' lang='lat' dir='ltr'><strong>et</strong></span> <span class='ocrx_word' id='word_1_269' title='bbox 682 3810 966 3894; x_wconf 85' lang='lat' dir='ltr'><strong>pervastabantur,</strong></span> <span class='ocrx_word' id='word_1_270' title='bbox 996 3809 1086 3874; x_wconf 88' lang='lat' dir='ltr'><strong>cuins</strong></span> <span class='ocrx_word' id='word_1_271' title='bbox 1115 3809 1207 3891; x_wconf 86' lang='lat' dir='ltr'><strong>regni</strong></span> <span class='ocrx_word' id='word_1_272' title='bbox 1230 3813 1326 3890; x_wconf 90' lang='lat' dir='ltr'><strong>ceput</strong></span> 
     </span>
     <span class='ocr_line' id='line_1_35' title="bbox 169 3909 1326 3997; baseline -0.008 -16"><span class='ocrx_word' id='word_1_273' title='bbox 169 3935 190 3981; x_wconf 87' lang='lat' dir='ltr'><strong>a</strong></span> <span class='ocrx_word' id='word_1_274' title='bbox 215 3913 354 3979; x_wconf 87' lang='lat' dir='ltr'><strong>Seleuco</strong></span> <span class='ocrx_word' id='word_1_275' title='bbox 384 3913 552 3980; x_wconf 91' lang='lat' dir='ltr'><strong>obsidione</strong></span> <span class='ocrx_word' id='word_1_276' title='bbox 581 3913 794 3997; x_wconf 89' lang='lat' dir='ltr'><strong>premebatur.</strong></span> <span class='ocrx_word' id='word_1_277' title='bbox 841 3909 935 3988; x_wconf 83' lang='lat' dir='ltr'><strong>Quod</strong></span> <span class='ocrx_word' id='word_1_278' title='bbox 964 3911 1142 3993; x_wconf 89' lang='lat' dir='ltr'><strong>perieulum</strong></span> <span class='ocrx_word' id='word_1_279' title='bbox 1172 3917 1326 3993; x_wconf 87' lang='lat' dir='ltr'><strong>quantum</strong></span> 
     </span>
     <span class='ocr_line' id='line_1_36' title="bbox 170 4012 1325 4100; baseline -0.004 -20"><span class='ocrx_word' id='word_1_280' title='bbox 170 4016 226 4082; x_wconf 93' lang='lat' dir='ltr'><strong>illo</strong></span> <span class='ocrx_word' id='word_1_281' title='bbox 242 4021 388 4100; x_wconf 88' lang='lat' dir='ltr'><strong>tempore</strong></span> <span class='ocrx_word' id='word_1_282' title='bbox 403 4015 509 4096; x_wconf 89' lang='lat' dir='ltr'><strong>fuerit,</strong></span> <span class='ocrx_word' id='word_1_283' title='bbox 525 4014 681 4098; x_wconf 87' lang='lat' dir='ltr'><strong>Polybius</strong></span> <span class='ocrx_word' id='word_1_284' title='bbox 694 4013 784 4080; x_wconf 90' lang='lat' dir='ltr'>XXI.</span> <span class='ocrx_word' id='word_1_285' title='bbox 797 4016 847 4078; x_wconf 80' lang='lat'><strong>20.</strong></span> <span class='ocrx_word' id='word_1_286' title='bbox 862 4015 936 4095; x_wconf 90' lang='lat' dir='ltr'><strong>9sq.</strong></span> <span class='ocrx_word' id='word_1_287' title='bbox 954 4032 1027 4079; x_wconf 91' lang='lat' dir='ltr'><strong>eum</strong></span> <span class='ocrx_word' id='word_1_288' title='bbox 1043 4013 1149 4096; x_wconf 91' lang='lat' dir='ltr'><strong>ipsum</strong></span> <span class='ocrx_word' id='word_1_289' title='bbox 1165 4012 1325 4076; x_wconf 92' lang='lat' dir='ltr'><strong>dicentem</strong></span> 
     </span>
     <span class='ocr_line' id='line_1_37' title="bbox 169 4113 1327 4200; baseline -0.003 -18"><span class='ocrx_word' id='word_1_290' title='bbox 169 4117 248 4184; x_wconf 84' lang='lat' dir='ltr'><strong>facit</strong></span> <span class='ocrx_word' id='word_1_291' title='bbox 271 4117 393 4182; x_wconf 90' lang='lat' dir='ltr'><strong>Romae</strong></span> <span class='ocrx_word' id='word_1_292' title='bbox 416 4116 503 4200; x_wconf 90' lang='lat' dir='ltr'><strong>apud</strong></span> <span class='ocrx_word' id='word_1_293' title='bbox 527 4123 673 4184; x_wconf 89' lang='lat' dir='ltr'><strong>senatum</strong></span> <span class='ocrx_word' id='word_1_294' title='bbox 702 4135 764 4180; x_wconf 91' lang='lat' dir='ltr'><strong>uuo</strong></span> <span class='ocrx_word' id='word_1_295' title='bbox 787 4115 854 4180; x_wconf 87' lang='lat' dir='ltr'><strong>lere</strong></span> <span class='ocrx_word' id='word_1_296' title='bbox 877 4135 962 4181; x_wconf 88' lang='lat' dir='ltr'><strong>anno</strong></span> <span class='ocrx_word' id='word_1_297' title='bbox 984 4121 1058 4199; x_wconf 91' lang='lat' dir='ltr'><strong>post</strong></span> <span class='ocrx_word' id='word_1_298' title='bbox 1080 4113 1170 4180; x_wconf 88' lang='lat' dir='ltr'><strong>hisce</strong></span> <span class='ocrx_word' id='word_1_299' title='bbox 1197 4113 1327 4197; x_wconf 80' lang='lat' dir='ltr'><strong>uerbis5</strong></span> 
     </span>
    </p>
   </div>
   <div class='ocr_carea' id='block_1_4' title="bbox 0 0 1668 5000">
    <p class='ocr_par' dir='ltr' id='par_1_5' title="bbox 0 0 1668 5000">
     <span class='ocr_line' id='line_1_38' title="bbox 0 0 1668 5000; baseline 0 0"><span class='ocrx_word' id='word_1_300' title='bbox 0 0 1668 5000; x_wconf 95' lang='lat' dir='ltr'><strong> </strong></span> 
     </span>
    </p>
   </div>
  </div>
 </body>
</html>
