3308 5000
662 377 875 438 ‚75-

197 540 339 610 tiochum
371 543 485 607 iterum
519 542 735 610 Romanorum
769 543 932 627 postulata
963 541 1131 624 agitarent.
1186 544 1234 610 lle
1268 563 1346 610 vera

195 651 301 712 autem
331 642 412 709 haec
441 644 560 726 legatio
583 645 678 728 longe
700 645 766 712 alio
789 643 986 728 spectavisse
1008 643 1149 710 videtur:
1183 666 1258 711 narn
1282 647 1345 712 Ro·

195 746 297 828 mani,
327 765 399 811 cum
435 746 662 828 cognovissent
695 745 816 811 hellum
852 763 924 810 oum
954 745 1113 812 Antiocho
1145 748 1346 830 periculosae

197 847 290 914 aleas
311 848 442 931 plenum
457 849 639 915 necessario
662 846 839 930 gerendum
863 866 943 928 esse,
967 847 1165 914 omnimodo
1191 851 1345 934 temporis

197 969 319 1018 moram
343 950 550 1034 quaerebant,
573 955 609 1015 ut
628 949 732 1016 socios
748 949 902 1016 certiores
916 950 1059 1015 iacerent
1074 957 1106 1015 et
1122 951 1238 1035 omnia,
1262 972 1345 1035 quae

199 1052 277 1118 belli
300 1071 376 1118 usus
398 1058 554 1136 posceret,
577 1051 793 1136 providerent.
837 1050 951 1132 ltaque
973 1050 1008 1115 P.
1027 1051 1143 1118 Villius
1166 1059 1198 1118 et
1220 1053 1255 1118 Ρ.
1274 1053 1345 1120 Sul·

194 1155 299 1240 picius
321 1153 364 1219 ad
386 1153 561 1220 Eumenem
584 1173 620 1220 se
642 1154 858 1236 contuleruut,
891 1172 954 1219 nun
984 1159 1018 1218 ut
1047 1154 1077 1218 ei
1103 1154 1345 1239 persuaderent,

195 1266 230 1324 nt
252 1257 358 1325 socius
381 1256 534 1322 existeret
557 1257 635 1338 eius,
662 1255 749 1339 quod
771 1255 970 1337 imminebat,
994 1255 1072 1321 belli
1094 1291 1136 1300 —
1159 1256 1238 1339 quid
1260 1259 1345 1324 enim

195 1379 275 1444 opus
298 1365 367 1425 erat
388 1359 563 1424 Eumenem
585 1358 735 1440 inuitare,
765 1358 821 1439 qui
847 1375 905 1439 per
927 1376 962 1423 se
984 1357 1055 1440 ipse
1078 1355 1236 1440 flagrabat
1259 1362 1346 1443 eupi-

197 1463 297 1528 ditate
326 1459 470 1526 hellandi
498 1460 565 1538 (cir.
588 1459 659 1524 Liv.
675 1459 812 1524 XXXV.
831 1462 879 1523 13.
908 1458 1049 1542 7sqq.)?
1072 1460 1193 1526 -sed
1216 1467 1250 1527 ut
1273 1482 1346 1528 eum

197 1565 370 1630 edocerent
384 1563 514 1630 iamiam
530 1562 650 1628 bellum
668 1568 778 1627 contra
793 1559 987 1627 Antiochum
1003 1561 1126 1645 parari:
1151 1579 1345 1644 magnopore

193 1669 290 1752 igitur
312 1685 385 1732 oum
407 1666 561 1749 pupulum
584 1665 763 1730 Romanurn
786 1662 969 1729 adiuturum
993 1683 1079 1745 esse,
1109 1665 1152 1748 si,
1175 1683 1260 1747 qnae
1283 1664 1346 1728 An·

194 1769 319 1837 tiochus
340 1774 452 1852 ageret
473 1785 622 1851 quaeque
645 1767 819 1847 moliretur,
845 1766 1013 1833 celerrime
1036 1767 1347 1850 diligentissimeque

192 1874 328 1938 Romam
346 1871 550 1936 renuntiaret
587 1870 694 1952 Atque
716 1867 939 1933 lubentissimo
962 1869 1069 1934 animo
1094 1867 1178 1935 huno
1201 1869 1347 1934 nuntium

197 1975 323 2057 aceepit
344 1973 512 2055 Eumenes,
536 1971 601 2054 qui,
624 1971 718 2036 sicuti
742 1987 867 2052 semper
888 1968 988 2035 fidum
1011 1971 1176 2036 Romanae
1199 1972 1347 2036 societati

195 2097 229 2143 se
250 2075 443 2158 praebuerat
470 2073 546 2138 inde
568 2092 590 2137 a
611 2072 697 2138 bello
727 2091 799 2138 cum
822 2072 950 2138 Nabide
979 2079 1071 2155 gesto
1098 2079 1130 2138 et
1152 2073 1248 2155 paulo
1272 2076 1347 2137 ante

196 2177 384 2244 affinitatem
405 2177 447 2241 ab
465 2173 625 2241 Antiocho
647 2195 724 2257 rege
747 2175 888 2240 oblatam
913 2181 1088 2258 spreverat,
1112 2176 1158 2240 ita
1179 2181 1246 2239 tum
1269 2195 1345 2258 quo·

197 2299 258 2363 que
280 2277 362 2344 nihil
384 2278 546 2358 antiquius
569 2275 697 2360 hahuit,
721 2276 783 2342 nisi
806 2283 842 2341 ut
863 2277 1026 2342 Romanos
1048 2276 1245 2342 haesitantes
1268 2297 1346 2361 pau·

195 2382 294 2447 lulum
311 2387 343 2446 et
358 2385 519 2446 cessantes
535 2379 725 2462 impelleret,
748 2386 783 2444 ut
798 2379 887 2446 ocius
901 2400 992 2446 arma
1007 2380 1160 2448 inferrent
1175 2378 1345 2446 Antiocho.

195 2484 322 2550 Etenim
341 2475 507 2565 ‘quantum
530 2484 736 2559 auctoritate,
765 2487 918 2564 quantum
942 2482 1076 2548 consiliu
1099 2483 1245 2565 valebat,
1270 2482 1346 2548 inci-

195 2587 284 2652 tabat
306 2587 467 2651 Romanos
495 2582 538 2649 ud
567 2575 701 2649 hellnm'
734 2583 802 2658 (cfr.
827 2583 898 2648 Liv.
921 2582 1057 2649 XXXV.
1080 2588 1128 2650 13.
1146 2586 1196 2664 10)
1220 2594 1346 2650 etcum

195 2693 473 2771 quantumcunque
498 2685 614 2750 virium
637 2683 795 2750 Antiocho
818 2685 1026 2769 decessisset,
1057 2705 1115 2753 suo
1144 2687 1178 2752 id
1201 2705 1345 2752 accessu·

193 2854 357 2908 Antiochum
381 2851 492 2905 missum
516 2865 651 2905 essenon
675 2856 731 2918 est,
759 2865 808 2904 cur
832 2849 968 2918 perfracte
991 2866 1126 2920 negemus,
1153 2853 1217 2921 quia
1239 2852 1348 2906 minime

194 2955 284 2994 aecum
301 2939 360 3007 ipse
377 2941 480 3004 pugnat
492 2935 583 2990 Livius
602 2937 717 3004 primurn
734 2942 790 2990 tres
807 2951 968 2990 enumerans
987 2937 1099 3005 legatos,
1113 2938 1176 2992 dein
1188 2938 1221 2990 de
1240 2936 1346 2991 duobus

192 3026 298 3076 tantum
315 3021 346 3075 Ρ.
363 3021 444 3076 Villio
463 3026 490 3074 et
508 3021 627 3091 Sulpicio
647 3037 737 3090 agens.
773 3020 867 3075 Livius
886 3020 998 3077 XXXV.
1020 3025 1059 3076 13.
1080 3025 1095 3076 6
1119 3029 1210 3076 autem
1227 3023 1348 3078 narravit

188 3101 232 3163 ‘A
249 3106 397 3175 Sulpicium
416 3109 443 3158 et
460 3105 491 3160 P.
511 3105 620 3161 Villium
643 3107 731 3162 iussos
754 3108 829 3177 prius
848 3107 996 3160 Eumenem
1014 3105 1089 3161 adire
1107 3107 1218 3161 Elaeam
1236 3102 1348 3162 venisse'

194 3195 229 3258 et,
248 3208 308 3246 cum
326 3193 379 3245 hoc
398 3190 536 3258 scriberet,
556 3193 579 3246 ei
598 3194 626 3246 iu
638 3193 794 3248 memoriam
813 3191 893 3246 rediit
905 3192 1013 3248 eosdem
1026 3192 1061 3246 ad
1073 3192 1238 3248 Antiochum
1250 3192 1346 3248 missos

190 3291 267 3345 ·esse;
286 3276 459 3346 quamobrem
470 3275 551 3330 dixit:
572 3292 603 3332 eu
613 3281 735 3346 tempore
747 3278 828 3346 legati
841 3277 955 3332 Romani
969 3278 998 3332 P.
1010 3279 1147 3347 Sulpicius
1160 3285 1187 3332 et
1198 3280 1230 3332 P.
1241 3279 1347 3346 Villius,

192 3363 238 3432 qui
254 3362 289 3416 ad
307 3361 487 3426 Antiochum,
506 3362 577 3416 sicut
595 3369 658 3417 ante
676 3363 778 3416 dictum
798 3372 852 3426 est,
871 3363 946 3417 missi
964 3369 1049 3430 erant,
1068 3363 1135 3418 iussi
1153 3365 1229 3433 prius
1247 3365 1348 3418 Eume-

194 3463 254 3502 nem
272 3446 347 3502 adire
364 3448 476 3501 Elaeam
494 3462 599 3501 venere.
635 3447 689 3502 Ubi
711 3454 801 3501 autem
826 3449 855 3502 P.
875 3448 1013 3516 Sulpicius
1037 3465 1070 3502 ex
1089 3451 1182 3504 morbo
1202 3451 1347 3515 convaluit,

192 3534 271 3588 ambo
290 3533 325 3587 ad
337 3533 502 3586 Antiochum
520 3531 636 3602 profecti
653 3533 781 3586 mandata
799 3532 902 3600 reliqua
914 3533 1035 3587 exsecuti
1047 3539 1119 3587 sunt.
1150 3533 1253 3602 Quibus
1266 3535 1347 3589 rebus

191 3634 244 3672 non
270 3617 423 3672 excluditur
448 3620 558 3673 tertium
585 3619 702 3688 legatum
729 3618 761 3672 P.
780 3617 886 3672 Aelium
912 3618 940 3670 in
964 3618 1058 3672 Asiam
1086 3617 1194 3672 abiisse.
1231 3619 1273 3673 De
1295 3619 1349 3674 hcc

194 3709 286 3758 autern
304 3703 396 3758 Livius
414 3704 480 3758 nihil
497 3705 643 3773 protulisse
661 3703 780 3768 videtur,
808 3702 871 3772 quia
893 3704 917 3756 is
934 3707 1010 3756 recta
1028 3703 1070 3756 via
1088 3703 1122 3757 ad
1141 3719 1243 3770 regem,
1269 3720 1348 3772 quern

193 3788 296 3858 Ephesi
314 3803 373 3842 esse
391 3789 565 3857 opinabatur,
590 3790 643 3844 iter
665 3789 731 3842 lectt
756 3788 849 3842 eodem
873 3794 1010 3856 ternpore,
1035 3805 1088 3858 quo
1114 3791 1145 3845 P.
1165 3790 1301 3858 Sulpicius
1320 3796 1349 3845 et

194 3873 225 3928 P.
243 3871 342 3928 Villius
360 3871 518 3940 Pergamum
536 3873 703 3943 petiverunt,
729 3873 776 3927 sed
793 3875 957 3928 Antiochum
975 3874 1014 3928 ibi
1032 3891 1086 3930 uon
1105 3875 1207 3929 invenit
1224 3875 1348 3932 similster

192 3973 225 4012 uc
243 3959 325 4027 paulu
343 3964 407 4025 post
425 3957 454 4012 P.
474 3958 580 4014 Villius.
615 3959 666 4012 Hic
685 3962 785 4023 autem,
810 3976 870 4013 cum
889 3961 992 4028 paritor
1010 3963 1091 4028 atque
1109 3959 1140 4016 P.
1158 3960 1251 4016 Aelius
1270 3961 1346 4028 igno-

193 4051 266 4098 raret
283 4058 372 4110 regem
390 4046 446 4096 tum
464 4044 574 4112 Epheso
593 4044 764 4108 discessisse,
784 4044 916 4112 Pergamo
938 4046 1075 4114 Ephesum
1094 4045 1213 4102 tendisse
1231 4046 1345 4115 videtur,

192 4133 224 4182 ut
240 4143 329 4197 regem
347 4127 502 4183 conveniret
521 4135 627 4184 etcum
646 4129 676 4186 Ρ.
695 4129 773 4183 Aelio
792 4146 873 4198 quarn
891 4131 1029 4186 celerrime
1048 4133 1263 4199 congrederetur.
