3308 5000
645 349 856 412 ..99-

174 513 360 598 pharsalnm
383 517 416 580 in
440 515 553 582 castris
576 518 741 600 continuit,
765 539 835 585 cum
853 517 891 596 Q.
908 517 1046 586 Marcius
1061 519 1232 605 Philippus
1256 543 1329 590 cou-

174 618 223 685 551
253 619 329 684 anni
362 639 392 683 a.
422 637 452 682 n.
482 639 508 684 5.
540 621 602 684 585
635 619 738 685 11555
768 622 927 706 principio
955 623 1041 688 veris
1068 621 1230 707 proiectus
1258 624 1329 706 (cir.

173 721 243 785 hir.
267 719 452 786 XXXXIV.
478 719 509 802 1)
532 723 565 786 15
587 721 757 788 Graeciam
781 723 923 790 advenit.
969 722 1092 801 Quibus
1121 742 1161 790 ex
1186 724 1329 794 hibernis

172 823 212 888 A.
235 823 394 889 Hostilius
416 821 452 888 O.
477 823 637 906 Popilium
668 832 700 890 et
729 823 785 891 Gn.
810 823 980 893 Octavium
1010 826 1135 910 legatos
1164 846 1222 910 per
1250 829 1327 894 civi·

174 931 257 990 tates
285 924 427 991 Graecas
461 924 599 1009 dimisit,
633 933 730 1010 atque
759 935 929 1012 postquam
963 928 1011 992 illi
1042 947 1083 993 ex
1112 927 1328 1012 Peloponnesi

173 1026 304 1109 oppidis
327 1027 559 1110 discesserunt,
583 1028 707 1096 Achaei
736 1037 917 1113 praetorem
942 1028 1134 1112 Archouem,
1159 1030 1329 1117 Polybium

173 1127 387 1212 hipparchum
421 1138 610 1197 creaverunt
645 1133 712 1210 (cir.
735 1132 849 1214 Polyb.
881 1131 1034 1197 XXVIII.
1059 1135 1094 1211 3,
1129 1138 1163 1198 et
1194 1153 1221 1199 c.
1244 1137 1274 1199 6.
1298 1138 1328 1218 9,

171 1233 243 1299 hir.
260 1231 448 1297 XXXXlll.
468 1235 529 1308 171.
572 1233 685 1316 ltaque
709 1233 839 1300 Archon
861 1243 1045 1317 praeturam
1070 1253 1180 1300 urenae
1196 1234 1328 1303 Octobri

172 1335 248 1400 anni
279 1338 339 1398 170
368 1353 397 1398 a.
428 1332 502 1397 Chr.
533 1331 695 1416 (01152,
726 1339 767 1418 3),
799 1337 870 1402 15111
883 1339 913 1413 ¹).
959 1335 1141 1402 Concordat
1171 1358 1244 1404 cum
1277 1336 1328 1405 his

172 1437 268 1502 rebus
297 1435 348 1515 id,
378 1435 464 1518 quod
494 1435 608 1501 eodem
636 1457 746 1504 mense
768 1438 1061 1522 Endyspoitropio,
1091 1439 1147 1522 qni
1176 1428 1225 1506 est
1252 1441 1327 1506 anni

172 1536 325 1621 Delphici
341 1539 460 1605 mensis
477 1537 621 1604 decimus
635 1540 834 1622 respondeus
847 1539 1091 1606 Atheniensium
1107 1540 1327 1626 Munychioni,

172 1641 248 1705 anui
274 1641 334 1705 169
357 1660 385 1705 a.
409 1639 484 1706 Chr.
507 1660 550 1721 n.,
573 1638 703 1706 Archon
731 1650 860 1726 praetor
888 1650 971 1726 erat,
1003 1663 1066 1726 quo
1088 1642 1228 1709 Laiades
1252 1643 1328 1708 Del·

171 1741 246 1825 phis
270 1749 339 1808 erat
366 1740 504 1824 archon,
536 1751 571 1808 ut
604 1742 807 1809 5551155155
841 1750 891 1810 551
919 1764 938 1810 5
967 1745 1059 1811 111515
1086 1744 1174 1829 apud
1204 1745 1328 1810 Ditten-

171 1846 341 1928 bergcrum
366 1864 417 1910 no.
443 1849 506 1908 454
531 1845 598 1924 (oin.
622 1845 659 1910 A.
683 1844 876 1912 Mommsen:
900 1847 921 1911 l.
944 1847 966 1912 l.
989 1868 1021 1931 p.
1045 1850 1107 1920 47).

256 1947 348 2014 Η555
363 1954 473 2013 55155
497 1946 592 2013 tertia
606 1946 767 2013 Archonis
789 1955 940 2031 praetura
955 1949 1026 2015 sola
1048 1948 1193 2030 intellegi
1209 1955 1325 2031 potest,

171 2069 245 2114 nam
268 2050 374 2134 prima
383 2052 408 2126 2)
430 2047 480 2116 Ol.
500 2050 570 2130 148,
590 2054 603 2113 1
629 2050 735 2128 (18817
751 2069 781 2115 5.
795 2049 869 2115 (115.
887 2052 930 2128 5.)
948 2049 1129 2116 excluditur
1144 2056 1326 2134 propterea,

171 2151 268 2236 quod,
292 2173 365 2218 cum
393 2171 477 2218 anno
511 2153 571 2216 185
594 2172 623 2216 a.
648 2151 721 2216 Chr.
745 2173 775 2216 u.
799 2150 923 2219 Achaei
946 2153 1099 2218 Eumenis
1130 2151 1247 2217 donum
1275 2172 1326 2217 ac-

173 2256 281 2339 cipere
303 2254 490 2334 abnuerent,
515 2251 670 2319 15555555
694 2256 780 2336 regis
803 2262 996 2320 remotorum
1018 2253 1219 2319 hauddubie
1242 2255 1327 2319 15515

174 2361 260 2422 55551
283 2355 403 2421 mentio
413 2351 448 2437 ³),
483 2354 662 2438 eodemque
694 2355 791 2423 modo
825 2363 976 2443 praetura
1002 2357 1104 2422 altera
1131 2355 1181 2422 Ol.
1206 2359 1284 2438 152,
1311 2359 1324 2418 1

172 2459 275 2538 (17211
301 2479 330 2524 5.
353 2456 427 2524 Chr.
451 2462 505 2541 5.),
528 2459 605 2541 quia
627 2459 683 2524 illo
706 2465 851 2543 tempore
874 2459 1022 2543 Archon,
1046 2445 1110 2543 quo
1133 2465 1201 2524 erat
1222 2463 1257 2524 ut
1279 2478 1327 2524 re·

171 2561 250 2644 liqui
280 2559 402 2626 Achaei
431 2561 539 2626 animo
568 2567 601 2625 51
630 2561 764 2627 55551115
794 2561 946 2628 11555515
979 2562 1197 2644 infestissimo,
1226 2559 1327 2626 Attali

170 2661 320 2746 precibus
349 2682 411 2727 555
442 2669 527 2728 55551
554 2663 735 2730 obsecutus.
780 2662 1044 2748 Olymp.152,3
1074 2664 1201 2729 (15555
1231 2663 1328 2728 cessit

171 2765 296 2845 Attalo,
319 2770 488 2849 postquam
512 2766 647 2832 concilio
670 2765 814 2832 Achaico
836 2767 958 2851 placuit
980 2767 1195 2830 Romanorum
1219 2773 1326 2848 partes

169 2867 261 2950 sequi
284 2865 409 2949 (Polyb.
432 2865 584 2932 XXVIII.
608 2873 648 2942 7).

256 2969 323 3034 Sed
347 2970 374 3034 si
396 2968 494 3034 fidem
517 2970 710 3053 imputamus
734 2969 807 3033 Livi
837 2970 961 3051 verbis,
992 2969 1079 3051 quod
1107 2969 1227 3052 optimo
1256 2969 1326 3034 iure

170 3071 336 3155 faciemus,
353 3093 424 3137 cum
441 3090 499 3137 sua
514 3091 556 3137 ex
571 3072 709 3155 Polybio
732 3071 967 3156 deprompserit
981 3071 1093 3137 Livius
1108 3071 1176 3141 (cir.
1193 3070 1325 3137 Nissen:

170 3177 191 3239 l.
207 3175 228 3239 1.
251 3194 282 3257 p.
308 3177 451 3258 24555),
475 3175 652 3240 Eumenem
681 3175 830 3239 iniuriam
858 3174 949 3238 illam
977 3173 1142 3256 accepisse
1165 3173 1325 3238 nonnullis

171 3278 265 3342 aunis
287 3283 362 3342 ante
377 3276 535 3343 Archonis
560 3282 742 3360 praeturam
765 3277 892 3343 tertiam
907 3276 1177 3341 asseverabimus.
1211 3276 1325 3340 Idume·

170 3397 242 3444 nem
267 3381 362 3461 enim,
386 3400 457 3445 cum
481 3400 565 3445 5555
590 3382 650 3443 172
673 3399 702 3444 5.
727 3377 801 3444 Ohr.
825 3399 855 3442 u.
879 3378 966 3463 apud
995 3384 1139 3443 senatum
1163 3378 1324 3442 Romanos

171 3483 213 3546 ad
235 3482 355 3547 bellum
379 3488 489 3547 contra
509 3481 704 3548 Macedonas
734 3481 915 3562 instigaret,
951 3478 1031 3544 haec
1060 3479 1220 3544 dicentem
1249 3479 1326 3544 facit

171 3583 282 3650 Livius
305 3585 477 3650 XXXXII.
503 3588 552 3648 12.
571 3589 605 3648 7:
629 3590 663 3648 at
684 3581 815 3647 hercule
837 3601 911 3646 suos
935 3579 1083 3663 honores,
1106 3582 1195 3647 cuius
1212 3581 1326 3646 merita

259 3861 282 3919 11
300 3855 382 3906 Falso
402 3853 482 3920 igitur
501 3854 599 3908 Meier:
623 3852 642 3906 l.
661 3851 678 3904 1.
696 3867 723 3920 p.
744 3855 794 3904 390
820 3849 958 3903 contendit
982 3864 1043 3903 eum
1067 3856 1217 3918 praetorem
1241 3849 1325 3904 fuisse

73 3917 76 3926 ⁴
172 3937 234 3992 inde
251 3955 268 3992 a
286 3939 359 3992 Maio
378 3953 469 3992 mense
488 3939 552 3992 anni
573 3943 621 3992 169
640 3951 725 4005 usque
743 3936 778 3989 od
796 3935 916 4003 Aprilem
938 3939 984 3988 158
1003 3951 1029 3988 a.
1049 3934 1111 3988 Chr.
1130 3951 1156 3988 5,

258 4029 281 4078 lt
302 4022 351 4078 cir.
372 4022 484 4075 Nissen:
504 4023 575 4076 Mus.
595 4022 684 4076 Rhen.
703 4023 754 4076 rol.
773 4019 873 4074 XXVI.
893 4023 979 4084 (1811)
998 4037 1023 4088 p.
1043 4024 1101 4073 219.

256 4112 281 4174 3)
299 4108 348 4162 cfr.
369 4108 448 4162 lhne:
469 4107 487 4161 l.
507 4107 524 4159 l.
543 4105 593 4161 Ill.
613 4125 638 4176 p.
660 4111 708 4161 163
719 4122 776 4176 sqq.
