3344 5008
859 1221 916 1286 ΙΙΙ

423 1355 541 1440 uultu
568 1355 762 1438 REGNUM
789 1355 971 1438 nunniti
996 1354 1107 1438 unul
1132 1357 1164 1436 Α
1190 1355 1344 1440 Pelen

716 1491 949 1575 Rullclull
975 1491 1060 1576 ull.

400 1666 554 1748 Polybius
589 1665 729 1730 XXXII.
758 1667 810 1728 22.
841 1668 859 1730 3
894 1666 1000 1731 verbis
1034 1660 1244 1748 παραλαβών
1277 1662 1372 1748 παρὰ
1404 1667 1465 1729 τοῦ

313 1764 444 1848 πατρὸς
472 1763 532 1854 τὴν
561 1767 737 1848 βασιλείαν
767 1767 1029 1852 συνεσταλμένην
1058 1767 1178 1841 τελέως
1211 1765 1258 1842 εἰς
1284 1758 1380 1851 ὀλίγα
1408 1769 1464 1837 καὶ

315 1866 389 1934 λιτὰ
413 1868 623 1951 πολισμάτια
638 1873 658 1946 ¹)
681 1871 829 1936 universe
852 1876 973 1935 tantum
990 1870 1193 1953 significavit,
1218 1878 1370 1952 quentnm
1388 1871 1464 1936 Per-

314 1992 520 2056 gamenorum
551 1992 683 2056 regnum
713 1973 824 2052 inerit,
854 1991 925 2036 enm
955 1972 1115 2038 Eumenes
1143 1991 1279 2054 regnare
1310 1975 1463 2056 coeperit.

313 2075 382 2141 Sed
417 2095 549 2159 regnum
583 2076 615 2139 in
646 2094 750 2158 panea
784 2093 949 2159 parvaque
986 2074 1108 2158 oppida
1141 2074 1344 2158 conclusum,
1375 2065 1471 2158 qums

314 2179 476 2244 Eumenes
506 2183 639 2262 epatre
669 2177 809 2259 aceepit,
840 2175 996 2258 Polybius
1025 2176 1148 2241 eonlert
1177 2197 1248 2242 cum
1277 2196 1464 2261 permagno,

317 2280 401 2362 quod
427 2281 499 2363 ipsa
522 2281 639 2345 virtute
662 2285 694 2344 et
716 2297 816 2364 opem
831 2277 983 2342 Eumenis
1005 2279 1092 2361 regie
1107 2312 1148 2322 —
1171 2286 1268 2362 atque
1292 2278 1341 2346 his
1356 2279 1465 2345 verbis

315 2401 391 2447 usne
414 2382 502 2446 illum
527 2382 654 2447 eximiis
676 2380 826 2445 laudibus
856 2381 1025 2445 exornavit
1047 2381 1202 2465 Polybius
1224 2415 1265 2425 —
1288 2379 1464 2464 amplifica·

316 2491 382 2548 tum
407 2489 484 2565 e1·at,·
508 2489 541 2548 et
562 2482 643 2547 haee
666 2480 795 2565 quidem
819 2501 919 2565 regna
949 2484 1031 2548 inter
1060 2504 1095 2548 se
1124 2503 1315 2568 comparans
1343 2483 1465 2568 optimo

315 2587 383 2651 inre
415 2585 508 2651 dicit:
540 2574 577 2659 δς
598 2607 635 2666 γε
656 2585 792 2664 πρῶτον
821 2582 881 2664 μὲν
910 2581 1117 2667 παραλαβὼν
1140 2581 1234 2668 παρὰ
1255 2586 1314 2649 τοῦ
1337 2583 1467 2666 πατρὸς

314 2685 373 2774 τὴν
394 2685 569 2768 βασιλείαν
593 2685 855 2769 συνεσταλμένην
883 2685 1004 2763 τελέως
1033 2684 1081 2763 εἷς
1103 2679 1201 2770 ὀλίγα
1221 2687 1275 2752 καὶ
1301 2682 1376 2750 λιτὰ
1399 2709 1465 2750 tco-

318 2787 487 2871 λισμάτια,
511 2800 586 2862 ταῖς
607 2791 781 2871 μεγίσταις
810 2790 877 2851 τιῦν
904 2782 986 2852 καθ’
1014 2783 1116 2853 αὑτὸν
1146 2788 1348 2853 δυναστειῶν
1377 2785 1463 2874 ἐφά-

314 2890 433 2975 μιλλον
450 2888 589 2976 ἒιτσίιγσε
611 2888 671 2973 τὴν
688 2888 778 2954 ἰδίαν
794 2881 894 2976 ἀρχήν
910 2892 977 2954 κτλ.
1002 2892 1188 2976 Eodemque
1201 2892 1296 2958 modo
1309 2892 1465 2976 Polybius

315 2995 418 3080 potuit
441 2993 482 3058 de
505 2994 658 3060 Eumenis
682 3013 781 3078 regno
805 2994 963 3060 dicentem
993 2997 1101 3060 faeere
1125 2994 1328 3078 Philippum,
1359 2995 1463 3061 Maee-

315 3098 432 3161 dnniae
455 3115 582 3179 regem,
606 3096 646 3160 ad
672 3095 870 3161 Demetrium
896 3103 927 3160 et
949 3096 1100 3162 Perseum
1131 3095 1215 3162 lilios
1238 3098 1320 3162 inter
1343 3118 1377 3164 se
1401 3097 1465 3162 dis·

316 3198 484 3264 cordenies
508 3197 628 3276 XXIII.
658 3202 705 3261 ii.
730 3201 747 3260 7
773 3187 823 3260 δτι
848 3196 1100 3280 παραλαβόντες
1124 3190 1217 3262 οὗτοι
1239 3202 1293 3277 (sc.
1318 3193 1466 3284 Εὐμένης

316 3301 372 3364 καὶ
384 3292 553 3376 Ἄτταλος)
575 3296 696 3383 μικρὸν
720 3290 822 3385 ἀρχὴν
844 3301 899 3364 καὶ
914 3297 974 3384 τὴν
990 3303 1153 3382 τυχοῦσαν
1169 3298 1328 3387 ηδξήκασι
1343 3298 1465 3387 ταύτην

315 3394 402 3467 ὥστε
423 3399 588 3486 μηδεμιᾶς
617 3395 704 3467 εἶναι
736 3401 1012 3484 καταδεεστέραν,
1037 3395 1077 3468 δι’
1107 3395 1203 3468 οὐδὲν
1230 3400 1342 3487 ἕτερον
1365 3392 1384 3487 ἢ
1407 3400 1464 3468 διὰ

314 3504 374 3592 τὴν
398 3501 483 3586 ιτρδς
506 3497 627 3579 αὖτοὺς
654 3498 815 3586 ὁμόνοιαν
843 3507 898 3570 καὶ
929 3510 1126 3592 συμφωνίαν
1155 3507 1211 3570 καὶ
1234 3502 1270 3570 τὸ
1296 3503 1466 3572 δύνασθαι

314 3607 515 3685 καταξίωσιν
545 3599 701 3691 ἀλλήλους
731 3606 970 3694 διαφυλάττειν
998 3610 1065 3686 (eir.
1095 3610 1163 3674 Liv.
1194 3609 1333 3674 XXXX.
1363 3610 1391 3674 8.
1427 3613 1463 3671 tl

312 3708 389 3778 ‘iam
415 3710 473 3777 hos
496 3710 671 3775 Eumenem
696 3711 902 3793 Attalumque
926 3710 1049 3794 fratres,
1073 3732 1094 3776 a
1116 3718 1179 3776 lem
1204 3712 1330 3794 exiguis
1357 3710 1466 3794 rebus,

315 3834 418 3899 prope
440 3819 475 3878 nt
499 3812 635 3896 puderet
656 3814 737 3895 regii
760 3813 910 3895 nominis,
933 3811 1023 3896 mihi,
1047 3813 1217 3897 Antiocho,
1241 3813 1373 3879 cuilibet
1395 3833 1465 3895 reg·

315 3937 390 3982 num
416 3915 509 3982 huius
532 3917 646 3982 aetatis
669 3915 757 3981 nulla
780 3935 814 3980 re
836 3915 939 3997 magis
962 3934 1057 3997 qnam
1086 3915 1227 3982 fraterna
1257 3915 1467 3982 unanimitate

315 4038 448 4103 regnum
470 4008 658 4101 aequasset.

345 4135 364 4139 —
405 4177 427 4238 l)
446 4131 589 4224 cerSuitl.
608 4185 630 4224 e.
649 4186 672 4224 ν.
693 4162 826 4240 Εὐμένης.
