3308 5000
805 389 1016 452 ..ῃ-

326 557 361 623 id
383 577 480 623 unum
504 577 522 622 o
543 558 627 622 tituli
651 557 758 623 uerbis
781 556 864 623 effici
889 565 1010 641 potest,
1041 564 1076 623 ut
1096 558 1215 623 milites
1246 575 1318 624 cum
1340 559 1482 625 Eumene

326 662 360 724 in
375 659 546 725 Graeciam
568 660 742 725 transvecti
765 660 915 742 proeliati
938 661 1002 725 sint
1025 679 1096 725 oum
1119 659 1331 726 militibuset
1344 660 1482 728 Nabidis

328 767 360 828 et
381 761 544 828 Antiochi.

412 863 482 942 Quo
505 871 649 947 tempore
672 867 780 928 autern
803 862 861 928 illa
882 863 1035 930 Eumenis
1058 863 1225 947 expeditio
1254 863 1341 929 laeta
1362 865 1419 946 sit,
1448 865 1482 928 in

327 966 549 1032 controversia
576 985 640 1030 nou
668 969 830 1046 versatur,
859 983 930 1030 cum
960 965 1103 1030 Attalum
1116 1021 1118 1024 .
1132 964 1267 1029 Romam
1295 967 1482 1048 pervenisse

325 1086 402 1133 vere
431 1068 484 1132 vel
512 1072 636 1133 aestate
669 1066 746 1131 anni
781 1069 841 1131 192
871 1086 900 1130 a.
924 1065 998 1131 Ohr.
1021 1087 1052 1131 n.
1081 1071 1123 1143 (a.
1147 1085 1177 1131 u.
1201 1087 1227 1132 o.
1251 1070 1328 1144 562)
1349 1075 1381 1134 et
1409 1087 1482 1134 cum

327 1169 454 1235 Nabide
477 1176 613 1251 tyranno
636 1186 714 1234 vere
743 1173 776 1233 et
803 1175 926 1234 aestate
949 1169 1134 1236 dimicatum
1166 1183 1236 1235 esso
1265 1187 1329 1234 non
1352 1171 1394 1236 sit
1415 1189 1482 1234 am·

326 1271 468 1352 biguum.

412 1473 478 1539 Sed
502 1473 545 1538 ad
569 1473 687 1538 bellurn
712 1474 817 1555 ipsum
840 1471 1114 1556 transgrediamur
1143 1473 1345 1540 mactandum
1371 1462 1481 1559 atque,

327 1596 399 1642 oum
421 1577 597 1640 Eumenem
621 1580 653 1639 ot
668 1575 830 1641 Romanos
851 1574 1026 1641 auxiliatos
1049 1595 1120 1641 esse
1136 1574 1277 1642 Achaeis
1299 1575 1481 1644 conflictan-

326 1679 411 1743 tibus
429 1697 501 1742 cum
518 1676 646 1741 Nabide
669 1696 690 1741 a
712 1696 815 1741 rerum
833 1677 1043 1759 scriptoribus
1064 1697 1128 1743 non
1151 1678 1193 1743 sit
1215 1685 1388 1761 narratum,
1412 1679 1482 1744 bre·

328 1782 410 1844 viter
437 1797 719 1862 praemonemus,
750 1797 833 1861 quae
861 1779 1001 1844 rationes
1024 1777 1164 1845 Achaeis
1200 1786 1232 1844 et
1259 1778 1381 1845 Nabidi
1409 1799 1482 1846 oum

328 1882 481 1946 Romanis
504 1881 616 1946 inille
639 1882 725 1946 bello
748 1877 874 1945 fuerint.
981 1899 984 1905 ·

411 1981 535 2048 Achaei
548 1983 625 2048 belli
637 1984 728 2048 initio
741 1983 865 2064 legatos
877 1983 1013 2048 Romam
1022 1984 1186 2063 miserunt,
1199 1983 1255 2065 qui
1267 1984 1483 2050 renuntiarent

327 2084 433 2150 Nabiu
458 2085 570 2151 foedus
593 2104 664 2150 curn
681 2086 835 2152 Romanis
857 2103 941 2150 anno
960 2087 1020 2150 195
1036 2103 1065 2148 a.
1082 2083 1155 2150 Ohr.
1171 2105 1201 2149 n.
1226 2085 1324 2150 ictum
1340 2087 1482 2153 violasse

328 2187 515 2270 bellumque
531 2188 677 2270 coepisse
693 2187 857 2270 Gytheum
878 2187 1035 2272 oppidum
1059 2194 1301 2272 oppugnantem
1323 2189 1392 2264 (cir.
1412 2187 1482 2254 Liv.

328 2288 465 2352 XXXV.
490 2293 569 2364 tat·
597 2289 733 2354 Romani
756 2293 879 2371 autem,
909 2291 1096 2371 priusquam
1119 2289 1154 2352 L.
1172 2286 1340 2365 Quinctius
1371 2297 1404 2356 et
1425 2289 1481 2362 Gn.

329 2389 489 2455 Domitius
512 2389 746 2455 Ahenobarbus
776 2391 922 2455 consules
951 2392 984 2454 in
1018 2391 1202 2475 provincias
1235 2389 1371 2474 profecti
1400 2399 1483 2476 sunt,

328 2491 370 2556 Μ.
385 2492 540 2556 Baebium
558 2490 764 2575 Tamphilum
782 2499 814 2556 et
825 2493 863 2556 A.
880 2493 1014 2558 Atilium
1029 2499 1193 2577 praetores
1203 2488 1297 2559 ‘duos
1313 2494 1483 2575 exercitus,

331 2601 516 2658 terrestrem
534 2594 748 2674 navalemque
763 2593 919 2660 adversus
935 2593 1053 2660 Nabim
1077 2602 1188 2681 aperte
1211 2597 1275 2661 iam
1297 2615 1483 2679 oppugnan-

329 2700 394 2758 tem
419 2695 525 2760 socios
546 2695 659 2778 populi
684 2685 828 2760 Romani'
854 2715 969 2778 parare
992 2696 1152 2763 iusserunt
1176 2699 1242 2776 (cir.
1259 2698 1329 2762 Liv.
1347 2697 1482 2764 XXXV.

328 2799 380 2859 20.
406 2799 456 2873 13)
481 2805 513 2863 et
534 2796 591 2863 On.
615 2797 793 2862 Domitium
816 2798 849 2862 in
872 2799 952 2863 urbe
975 2817 1150 2882 remanere,
1174 2801 1282 2884 quoad
1305 2800 1339 2864 Ρ.
1358 2801 1482 2884 Villius,

313 2887 364 2963 ''P.
381 2899 555 2982 Sulpicius,
578 2899 613 2964 P.
630 2900 742 2970 Aelius
765 2901 864 2983 legati
887 2905 1134 2984 reverterentur,
1156 2904 1211 2986 qni
1231 2902 1274 2966 ad
1291 2903 1484 2968 Antiochum

329 3007 421 3066 erant
443 3003 543 3068 missi.
586 3003 623 3068 L.
647 3000 831 3079 Quinctium
862 3008 1032 3085 praeterea
1060 3025 1081 3068 a
1109 3010 1222 3070 senatu
1250 3006 1383 3071 vetitum
1413 3025 1484 3072 esse

331 3103 363 3166 in
387 3105 586 3186 provinciam
609 3106 656 3169 ire
680 3125 699 3169 e
720 3105 794 3170 Livi
816 3105 925 3170 vorbis
947 3104 1084 3169 XXXV.
1108 3108 1158 3170 22.
1183 3110 1201 3171 3
1225 3105 1320 3172 facile
1344 3109 1484 3174 conicias

327 3197 505 3285 ‘consules,
530 3204 659 3286 quando
682 3205 763 3271 nihil
785 3207 828 3270 ab
851 3205 1011 3272 Antiocho
1034 3208 1183 3291 instaret,
1206 3207 1367 3291 proficisci
1389 3211 1484 3276 ambo

329 3305 362 3368 in
391 3306 574 3387 provincias
608 3299 748 3390 placuit'.
794 3307 905 3391 Adde,
941 3309 1026 3392 quod
1056 3308 1142 3375 idem
1168 3316 1297 3378 senatus
1330 3310 1484 3395 decrevit,

329 3415 366 3473 ut
387 3409 425 3471 Α.
449 3407 567 3473 Atilius
582 3411 602 3486 ¹)
625 3409 758 3492 triginta
780 3428 879 3475 naves
902 3413 1147 3494 quinqueremes
1169 3411 1290 3478 faceret
1311 3419 1344 3478 et
1366 3434 1408 3480 ex
1429 3433 1484 3480 na·

329 3509 456 3574 valibus
479 3514 604 3574 veteres
627 3508 810 3592 deduceret,
834 3512 861 3576 si
884 3531 968 3594 quae
990 3515 1085 3580 utiles
1116 3521 1238 3592 assant,
1270 3520 1302 3579 et
1331 3517 1486 3583 scriberet

328 3609 455 3675 navalis
478 3612 583 3677 socios
611 3617 709 3695 atque
731 3612 773 3677 Μ.
797 3612 930 3680 Fulvius
954 3614 1161 3682 Centumalus
1184 3623 1217 3682 et
1238 3615 1275 3680 L.
1299 3615 1486 3685 Scribonius

329 3711 410 3778 Libo
432 3719 613 3799 praetores,
637 3714 754 3796 quibus
776 3721 812 3782 ut
833 3716 882 3782 ius
905 3717 1049 3783 dicerent
1070 3718 1193 3784 Romae
1216 3718 1384 3800 provincia
1406 3726 1485 3801 erat,

419 3969 440 4027 ι)
459 3963 541 4032 Apud
559 3963 664 4018 Livium
682 3964 794 4019 XXXV.
815 3971 855 4020 20.
877 3972 907 4021 12
931 3973 959 4022 et
978 3973 1018 4023 21.
1040 3975 1050 4022 t
1073 3970 1105 4022 A.
1125 3967 1238 4021 Atilium
1255 3975 1283 4020 et
1301 3967 1339 4022 hl.
1353 3969 1485 4023 Baebium

327 4045 502 4186 {iamphillum
520 4049 592 4104 inter
610 4065 639 4106 aa
661 4065 720 4106 esse
744 4052 873 4106 contusos
895 4059 970 4108 recto
998 4053 1051 4106 iam
1079 4053 1219 4107 adnuunt
1238 4051 1432 4108 Weissenborn
1450 4053 1485 4108 ad

365 4149 387 4188 ι.
418 4175 423 4186 .
455 4173 460 4184 .
