3308 5000
807 405 1020 466 „55-

340 578 499 662 exposuit.
543 574 601 638 Est
630 573 714 638 enim
744 571 1065 638 animadvertendum
1086 571 1215 637 Livium
1244 571 1317 636 illas
1345 589 1397 635 res
1427 589 1495 636 non

339 699 450 744 omnes
473 675 685 756 enarravisse,
708 690 902 756 quamquam
924 673 999 737 Livi
1028 692 1132 756 aeque
1154 693 1193 738 ao
1216 673 1396 738 Pausaniae
1418 692 1494 737 uar-

337 782 419 846 ratio
441 801 461 846 e
483 779 611 863 Polybii
635 775 777 842 historiis
798 773 892 840 fluxit
905 775 935 852 ¹).

423 881 473 946 llx
496 880 610 947 eodem
632 878 768 960 Polybio
791 897 940 959 magnam
963 877 996 941 in
1019 884 1141 959 partem
1164 886 1237 942 suut
1261 877 1383 955 hausta,
1407 896 1490 959 quaa

336 983 526 1050 Plutarchus
549 983 582 1046 iu
598 980 859 1064 Philopoemenis
875 980 942 1044 vita
964 983 1107 1061 c.14sq.
1131 978 1274 1044 tradidit
1311 977 1396 1044 lllud
1411 997 1490 1045 vero

337 1083 401 1146 iam
423 1102 487 1147 non
509 1084 616 1164 miror,
640 1081 727 1164 quod
742 1079 933 1146 Plutarchus
955 1080 1111 1162 neglectis
1135 1080 1250 1146 ceteris
1265 1080 1489 1164 Philopoeme-

335 1184 386 1248 nis
408 1182 504 1250 modo
531 1204 583 1250 res
605 1189 791 1270 persecutus
814 1189 877 1264 est,
901 1202 973 1248 cum
996 1181 1258 1265 Philopoemenis
1279 1182 1380 1247 vitam
1403 1202 1487 1248 com·

336 1293 471 1368 poneret
492 1293 590 1369 atque
618 1287 660 1352 ob
692 1304 762 1350 eam
792 1303 922 1349 causam
952 1282 1129 1363 omitteret,
1163 1303 1246 1366 quae
1276 1305 1296 1348 a
1322 1285 1488 1368 proposito

213 1419 216 1424 ·
336 1387 530 1453 aberrarent.
575 1387 719 1452 Plurima
733 1404 812 1452 saue
835 1405 877 1450 ex
894 1385 1030 1468 Polybio
1045 1386 1206 1468 repetivit,
1226 1384 1355 1452 addidit
1368 1393 1488 1468 autam,

336 1494 371 1552 ut
393 1495 463 1553 erat
484 1490 536 1554 vir
557 1490 732 1554 immensae
754 1487 901 1553 lectionis
924 1497 956 1551 et
979 1488 1089 1553 variae
1110 1486 1287 1568 doetrinae,
1310 1489 1488 1552 narratiun-

335 1591 424 1655 culas
447 1591 636 1674 fabulasque
660 1611 701 1656 ex
723 1589 797 1654 aliis
820 1589 1029 1671 scriptoribus
1051 1588 1269 1672 depromptas.

420 1691 485 1757 Sed
509 1690 771 1774 quandoquidem
800 1688 912 1755 harum
939 1709 1044 1756 rerum
1075 1691 1148 1756 libri
1171 1690 1341 1774 Polybiani
1363 1689 1407 1755 ad
1427 1711 1489 1760 nos

335 1813 398 1858 non
422 1801 646 1876 pervenerunt,
670 1813 687 1858 e
711 1792 816 1877 Livio,
840 1791 1011 1873 Pausania,
1035 1791 1218 1874 Plutarcho,
1242 1799 1395 1875 qnantum
1417 1793 1489 1860 lieri

334 1901 458 1978 potest,
489 1896 677 1977 conquirere
706 1912 787 1977 opus
817 1901 866 1958 est
888 1893 1017 1976 Polybii
1048 1895 1271 1960 narrationem.
1316 1893 1376 1960 Ille
1397 1915 1487 1980 vero,

334 1998 389 2081 qui
406 1997 659 2080 Philopoemena
681 1994 871 2060 imitandum
894 1996 956 2060 sibi
972 2001 1184 2078 proposuerat
1198 2015 1336 2078 eumque
1359 2007 1488 2080 praeter

333 2107 456 2164 ceteros
490 2118 600 2164 omnes
633 2098 775 2179 colebat,
810 2097 844 2160 in
873 2096 1076 2162 historiarum
1106 2099 1197 2163 libris
1228 2116 1300 2162 eum
1335 2099 1487 2166 laudibus

334 2203 464 2284 extulit,
495 2220 589 2283 quem
619 2199 661 2264 ad
684 2198 780 2262 finem
803 2199 893 2262 illum
916 2217 1008 2263 usum
1030 2218 1101 2265 esse
1123 2199 1386 2283 Philopoemenis
1408 2203 1486 2284 vita,

334 2323 431 2385 quam
461 2304 531 2384 ipse
553 2305 793 2386 composuerat,
825 2299 1083 2365 contendendum
1106 2309 1163 2367 est.
1209 2301 1292 2384 Sed,
1315 2304 1392 2384 quia
1414 2313 1488 2369 suut

332 2404 514 2486 Polybiane
536 2395 690 2486 ἀριστεία
713 2400 975 2482 Philopoemenis
1004 2403 1071 2477 (alr.
1093 2403 1221 2486 Nissen,
1244 2425 1275 2487 p.
1304 2405 1386 2487 171),
1409 2425 1487 2472 uum

334 2513 398 2585 est,
433 2524 488 2570 cur
518 2522 705 2569 censeamus
738 2502 908 2584 Polybium
944 2505 1068 2585 reliqua
1101 2505 1179 2570 belli
1213 2507 1359 2571 omisisse
1387 2509 1486 2574 nimio

332 2605 592 2688 Philopoemenis
615 2602 882 2687 Achaeornmque
905 2605 1011 2670 studio
1034 2614 1243 2690 commotum,
1268 2629 1339 2674 cum
1363 2610 1484 2693 Livius,

332 2708 524 2788 Pausanias,
560 2705 749 2771 Plutarchus
782 2727 844 2771 non
883 2707 947 2772 sint
983 2715 1130 2774 auctores
1164 2709 1339 2776 Eumenem
1374 2731 1485 2794 regem

330 2811 417 2876 bello
441 2829 512 2875 cum
536 2807 664 2874 Nabide
686 2815 778 2890 gesto
801 2808 1007 2874 interfuisse?
1043 2807 1128 2886 Quid
1152 2820 1237 2876 esset
1258 2813 1358 2897 aliud,
1388 2833 1484 2896 qnam

330 2913 467 2995 Polybio
504 2912 629 2976 crimini
666 2911 758 2993 dare,
804 2912 890 2994 quod
928 2912 971 2976 ad
1009 2910 1162 2977 historiae
1199 2911 1295 2978 fidem
1330 2934 1383 2981 res
1419 2934 1484 2981 non

328 3013 533 3078 enarrasset?

414 3116 482 3178 Iam
499 3117 624 3195 integra
639 3134 659 3178 a
674 3115 769 3198 Livio
782 3115 963 3198 Polybiane
976 3113 1105 3179 reddita
1121 3135 1191 3180 esse
1207 3117 1409 3183 refutandum
1425 3125 1484 3201 est,

328 3219 356 3283 si
379 3217 508 3298 probari
531 3221 637 3298 potest
653 3216 824 3297 Polybium
847 3218 941 3300 plura
963 3216 1161 3299 praebuisse,
1185 3237 1281 3300 quam
1304 3219 1484 3287 eLivianis

328 3338 411 3384 nunc
450 3317 681 3398 cognoscimus.
738 3317 845 3399 Atque
879 3318 929 3400 id,
968 3325 1118 3400 quantum
1154 3318 1304 3401 equidem
1339 3321 1484 3388 iudicare

327 3439 475 3502 possum,
506 3437 524 3483 e
553 3418 734 3483 Pausaniae
762 3419 869 3485 verbis
893 3419 978 3485 Vlll.
1003 3424 1053 3484 50.
1080 3423 1134 3484 10:
1165 3417 1301 3502 Νάβις
1322 3422 1395 3503 μὲν
1424 3421 1484 3499 εἰς

327 3519 549 3606 εἰρημένον
569 3517 719 3601 χρόνον
743 3518 931 3597 σπονδὰς
953 3519 1063 3604 παρὰ
1084 3515 1287 3600 Ῥωμαίων
1314 3519 1482 3608 εὑράμε-

327 3645 393 3698 νος
416 3621 605 3708 τελευτᾷ,
623 3622 723 3703 πρὶν
745 3610 821 3710 ἢοὶ
843 3624 915 3686 τοῦ
933 3622 1118 3703 πολέμου
1139 3619 1214 3698 τὰς
1230 3616 1482 3712 deoperte}-

326 3747 415 3789 κειν
433 3722 500 3788 κτλ.
516 3733 548 3790 et
563 3725 727 3792 Plutarchi
741 3724 925 3809 Philoplb.
940 3722 980 3788 ἐκ
1002 3723 1045 3788 δὲ
1064 3723 1212 3790 τούτου
1228 3725 1482 3793 καταλύεται

415 3983 438 4041 tl
457 3977 618 4030 Pausaniam
643 3989 693 4030 sua
711 3975 868 4043 repetivisse
892 3977 1039 4046 aPolybio
1062 3979 1163 4046 optimo
1186 3977 1244 4030 iure
1271 3977 1359 4030 Ruebl
1385 3985 1482 4032 contra

325 4061 480 4126 Nissanum,
499 4078 526 4130 p.
541 4063 588 4114 181
600 4075 659 4129 sqq.
678 4059 826 4124 contendit,
846 4067 872 4114 et
885 4059 989 4116 Livium
1002 4061 1143 4130 Polybium
1162 4069 1285 4115 secutum
1299 4075 1358 4115 esse
1370 4061 1480 4116 demon·

325 4148 420 4201 struut
437 4145 546 4211 Nissen,
564 4162 591 4214 p.
613 4149 659 4199 111
671 4160 727 4214 sqq.
