3308 5000
827 411 1042 472 ..fis-

358 587 418 662 ret,
433 581 517 646 aliae
532 580 714 645 libertatem
728 579 936 662 usurpavisse
951 577 1110 643 videntur.
1138 577 1291 644 Achaeus
1305 585 1424 661 autem,
1441 599 1525 644 cum

358 683 501 765 reliquas
514 681 558 748 ad
571 701 706 765 reguum
721 682 768 746 cis
778 681 921 745 Taurum
936 681 1033 745 situm
1047 681 1278 761 coniunxisset,
1292 680 1335 745 ah
1350 679 1525 746 Antiocho

358 784 488 867 defecit,
510 784 569 850 sed
590 781 769 849 Antiochus
789 801 865 862 rex,
887 789 1059 864 postquam
1080 801 1154 846 eum
1175 782 1345 864 superavit
1365 787 1398 846 et
1418 801 1524 848 neca-

358 886 416 969 vit,
438 892 540 952 terras
561 887 596 950 in
618 886 818 969 provinciam
831 883 968 966 redegit
1006 882 1099 948 Bello
1113 891 1222 948 autem
1237 903 1310 948 cum
1327 883 1524 949 Ptolemaeo

358 989 535 1070 composito
557 986 798 1070 expeditionem
826 987 893 1050 iam
914 984 971 1049 diu
992 985 1209 1065 excogitatam
1237 985 1271 1049 in
1292 984 1405 1050 Asiam
1427 1005 1523 1051 anno

362 1087 611 1154 retectas.
635 1095 805 1154 exsecutus
828 1095 886 1153 est
929 1087 1094 1150 Permulta
1114 1087 1312 1154 Graecorum
1335 1086 1458 1171 oppidu
1481 1087 1523 1151 vi

358 1191 559 1273 expugnavit
580 1191 669 1255 velut
684 1189 892 1273 Zephyrium,
914 1187 1019 1270 Solos,
1034 1186 1318 1271 Aphrodisiadem,
1342 1188 1521 1271 Corycum,

358 1291 559 1357 Selinuntem
581 1291 651 1366 (cfr.
671 1290 742 1356 Liv.
765 1291 921 1356 XXXIII.
945 1293 996 1354 20.
1019 1291 1171 1373 statque
1193 1291 1338 1357 eiusdem
1359 1292 1436 1355 anni
1458 1311 1521 1356 au-

359 1403 469 1460 tumno
493 1396 590 1459 etiam
612 1391 792 1477 Ephesum,
814 1412 899 1474 quae
921 1393 1038 1457 trustra
1058 1392 1102 1456 ad
1125 1392 1339 1458 resistendum
1361 1411 1398 1458 se
1419 1412 1519 1474 pura·

359 1503 459 1562 verat
503 1496 571 1560 Iam
596 1515 672 1560 vero
701 1513 773 1559 cum
796 1496 962 1576 proximus
988 1494 1201 1578 appetivisset
1229 1514 1348 1574 annus,
1377 1494 1411 1557 in
1433 1492 1520 1559 duas

358 1605 468 1683 partes
490 1598 666 1663 exercitum
682 1594 831 1662 dividere
845 1597 1019 1677 constitnit,
1041 1615 1177 1679 quarum
1193 1598 1327 1663 alteram
1342 1594 1518 1679 Smyrnam

359 1700 637 1782 Lampsacumque
668 1717 857 1780 oppugnare
886 1698 979 1764 iussit
986 1747 996 1780 ,
1022 1698 1157 1764 alteram
1188 1699 1259 1782 ipse
1288 1699 1321 1762 in
1351 1698 1517 1781 Europam

360 1800 519 1882 traduxit,
542 1809 578 1866 ut
597 1798 792 1864 Chersonesi
816 1796 1041 1884 Thraciaeqne
1069 1799 1165 1866 urbes
1188 1799 1325 1882 imperio
1346 1819 1406 1865 suo
1429 1800 1516 1866 suhi-

358 1907 454 1968 oeret

442 2004 487 2070 At
499 2004 627 2070 Attalus
641 2021 709 2084 rex,
733 2001 854 2085 quippe
870 2001 925 2084 qui
947 2002 1075 2084 longius
1090 2022 1164 2068 eum
1185 1999 1363 2085 procedere
1378 2001 1515 2086 videret,

356 2126 420 2172 non
443 2106 571 2189 inerat,
594 2103 649 2188 qui
671 2122 777 2186 aequo
798 2103 904 2168 auimo
928 2124 966 2171 eo
989 2124 1090 2186 usque
1118 2102 1198 2168 fines
1228 2107 1402 2188 propagari
1425 2113 1514 2191 pate·

359 2215 461 2291 retur;
491 2225 630 2290 namque
659 2207 764 2289 prima
792 2205 896 2272 fronte
925 2207 1143 2289 unusquisque
1171 2204 1444 2286 Pergamenorum
1467 2210 1515 2272 vi-

361 2309 460 2375 debat
481 2310 560 2390 lore,
584 2313 618 2372 ut
639 2325 773 2388 regnum
797 2307 829 2370 in
851 2327 1009 2373 summum
1032 2308 1211 2391 periculum
1233 2305 1465 2394 adduceretur,
1488 2313 1515 2376 si

359 2432 411 2477 res
444 2412 527 2476 bene
561 2408 710 2475 cessisset
743 2407 912 2474 Antiocho.
957 2410 1085 2492 Itaque,
1120 2430 1192 2474 oum
1225 2410 1369 2492 ipsorum
1402 2415 1515 2498 copiae

361 2531 503 2597 opesque
527 2511 665 2576 minores
687 2513 811 2590 essent,
842 2529 936 2592 quam
959 2517 994 2576 ut
1014 2510 1101 2576 bona
1122 2531 1180 2596 spe
1212 2510 1359 2579 hostibus
1381 2515 1514 2582 obsiste

360 2620 431 2680 rent
453 2614 551 2678 etiam
573 2609 704 2676 loedere
727 2609 887 2676 coniuncti
911 2631 981 2677 cum
1004 2610 1140 2678 Rhodiis
1169 2614 1308 2697 aliisque
1330 2615 1515 2684 civitatibus

361 2715 495 2782 Graecis
519 2714 551 2779 in
575 2711 690 2778 eodem
712 2713 856 2797 periculo
879 2714 1092 2795 versantibus,
1116 2713 1159 2780 ad
1181 2716 1357 2781 amicitiam
1380 2721 1515 2786 societa-

361 2825 490 2901 temque
507 2817 684 2882 Romanam
707 2834 742 2881 se
763 2814 1019 2899 applicaverunt,
1042 2835 1108 2899 qua
1128 2817 1202 2882 freti
1225 2817 1267 2884 ab
1287 2818 1449 2889 Antiocho
1471 2824 1516 2889 le-

361 2921 414 2986 lici
439 2925 557 2986 eventu
586 2937 658 2984 sese
688 2917 876 2983 defensuros
911 2937 981 2986 esse
1014 2937 1148 3000 regnum
1181 2921 1394 3005 sperabanth.
1445 2923 1518 3002 Qua

363 3021 515 3105 opinione
544 3025 648 3085 motus
671 3019 814 3096 Attalns,
843 3025 878 3084 ut
906 3039 1038 3103 regnum
1064 3025 1207 3086 tueretur
1234 3022 1277 3087 ab
1299 3024 1462 3092 Antiocho
1485 3037 1518 3094 et

361 3122 532 3207 Philippo,
563 3123 618 3204 qui
641 3123 777 3188 consilia
805 3141 957 3204 armaque
979 3123 1245 3190 consociaverant
1273 3123 1316 3190 ad
1338 3125 1517 3196 Ptolemaei

361 3225 446 3306 regis
480 3223 650 3304 imperium
679 3221 869 3306 delendum,
898 3242 971 3288 cum
995 3223 1148 3290 Romanis
1178 3226 1366 3293 societatem
1396 3232 1519 3298 coierat

362 3343 535 3407 eorumque
556 3323 662 3389 socius
685 3324 790 3388 fuerat
811 3323 898 3390 bello
921 3325 1130 3392 Macedonico
1159 3326 1318 3410 secundo,
1348 3329 1434 3411 quod
1458 3331 1517 3395 ini·

361 3429 438 3492 tium
473 3425 611 3490 duxerat
644 3443 685 3489 ex
720 3443 759 3491 eo
791 3425 894 3508 bello,
930 3425 1017 3510 quod
1045 3427 1188 3511 Attalus,
1219 3428 1339 3494 Rhodii
1367 3431 1517 3515 aliaeque

363 3527 560 3596 Graecorum
590 3527 739 3594 civitates
768 3546 840 3593 cum
875 3527 1029 3614 Philippo
1062 3537 1238 3613 gesserant.
1281 3531 1376 3597 Anno
1408 3541 1517 3600 autem

364 3631 424 3696 198
446 3651 476 3696 a.
493 3627 567 3695 Chr.
583 3649 614 3694 n.
637 3629 737 3696 Attali
766 3631 866 3714 legati
889 3631 1051 3698 Romanos
1080 3640 1267 3716 oraverunt,
1298 3641 1332 3698 nt
1360 3633 1517 3702 adversus

359 3731 570 3814 Antiochum,
605 3732 660 3814 qui
688 3751 825 3798 vacuum
856 3733 1027 3814 praesidiis
1049 3735 1220 3800 navalibus
1248 3737 1517 3819 terrestribusque

367 3887 426 3894 --·-
429 3885 540 3894 --—-—·

453 3989 474 4048 l)
492 3981 541 4037 cir.
563 3981 750 4038 Buschmauu:
770 3983 788 4038 l.
802 3983 820 4038 l.
839 3997 865 4052 p.
881 3989 973 4054 tsqq,
991 3983 1047 4054 qui,
1066 3985 1200 4053 quomodo
1217 4001 1295 4054 reges
1312 3986 1473 4054 Pergameni
1490 3989 1519 4044 iu

361 4067 545 4122 Romanorum
564 4067 685 4124 venerint
703 4067 874 4136 societatem,
893 4069 1095 4138 diligentissime
1112 4069 1279 4139 expleuerit,
1303 4079 1331 4126 et
1348 4070 1448 4127 Meter:
1467 4073 1517 4130 it

361 4168 387 4222 p.
402 4155 450 4206 tte
462 4167 519 4222 sqq.
