3344 5008
666 413 877 474 ...11-

198 590 263 649 tum
286 606 307 648 a
329 585 447 651 Germe
470 600 526 647 seu
543 579 695 664 Gyrtonio
719 580 839 665 oppido
863 582 982 648 afuisse
1005 583 1133 649 videtur
1147 587 1165 657 ¹)
1190 587 1222 647 ct
1244 601 1347 664 aeque

198 706 236 751 ac
251 686 409 771 Thyatira
431 691 463 752 et
477 683 651 766 Apollonia
673 703 756 748 anno
782 685 841 746 188
857 705 885 750 a.
899 682 973 750 dur.
990 707 1020 750 n.
1044 685 1077 750 in
1095 684 1246 751 Eumenis
1261 685 1346 767 regis

198 794 391 872 potestatem
414 787 546 855 redacta
569 791 646 852 erat.
693 784 772 850 (ium
795 806 872 852 vero
900 786 1098 870 ignoremus,
1127 807 1202 852 num
1226 785 1346 852 Strato·

198 890 309 957 niceae
321 892 363 957 ad
378 893 520 957 Taurum
536 888 617 954 sitae
632 906 778 954 nummos
793 887 928 953 feriendi
946 889 994 955 ius
1010 888 1113 973 fuerit,
1127 889 1348 955 Stratoniceae

198 992 240 1056 ad
257 992 388 1059 Caicum
412 988 630 1075 cistophorum
652 989 742 1056 illum
765 1009 849 1055 anno
875 993 934 1054 185
958 1010 986 1055 a.
1003 989 1077 1056 Chr.
1095 1013 1124 1057 n.
1141 1011 1251 1058 cusum
1276 1010 1347 1058 esse

200 1096 310 1160 malim
334 1095 474 1163 credere.

283 1196 397 1280 Itaque
421 1198 483 1264 tria
505 1197 562 1262 illa
584 1196 706 1281 oppida
727 1194 902 1278 Thyatira,
925 1194 1113 1280 Apollonia,
1137 1195 1348 1279 Stratonicea,

198 1317 281 1381 quae
305 1299 418 1366 eodem
443 1307 587 1384 tempore
610 1297 746 1363 dicionis
770 1298 989 1380 Pergamenae
1019 1305 1092 1363 sunt
1123 1299 1226 1380 facta,
1257 1299 1348 1364 cisto·

199 1398 318 1482 phoros
340 1401 526 1486 signabant,
557 1420 689 1484 quorum
719 1400 803 1483 parti
833 1419 968 1467 aversae
991 1406 1023 1465 et
1044 1405 1185 1485 tempus,
1216 1420 1257 1466 ex
1285 1420 1348 1483 quo

201 1501 259 1568 sub
276 1502 429 1569 Eumenis
452 1504 587 1588 imperio
604 1505 703 1586 erant,
728 1506 759 1567 et
774 1507 903 1566 moneta
919 1508 951 1567 et
965 1501 1117 1567 Eumenis
1132 1501 1217 1584 regis
1232 1521 1349 1569 nomen

201 1605 359 1688 impressa
382 1611 463 1672 sunt.
509 1605 577 1670 Illis
599 1602 791 1687 cistophoris
821 1604 853 1667 in
881 1604 975 1669 trium
998 1603 1190 1688 oppidorum
1213 1606 1349 1671 monetis

200 1707 284 1772 cusis
307 1707 414 1790 priore
436 1714 542 1773 aetate
565 1713 598 1773 et
620 1704 767 1772 officinae
790 1706 921 1772 nomina
943 1713 974 1772 et
996 1706 1119 1773 litteras
1141 1705 1199 1768 ΒΑ
1223 1703 1280 1769 ΕΥ
1304 1709 1349 1772 iu-

200 1809 335 1891 scriptas
359 1829 447 1894 esse,
478 1829 540 1893 quo
564 1810 707 1875 Eumene
733 1828 810 1891 rege
834 1827 889 1875 eos
917 1828 1086 1892 percussos
1116 1829 1187 1876 esse
1215 1815 1349 1893 pateret,

201 1911 405 1978 statuendum
429 1920 490 1990 est,
520 1912 697 1996 posteriore
725 1917 832 1978 autem
862 1917 969 1976 aetate
997 1929 1101 1994 neque
1130 1918 1204 1978 ante
1233 1932 1352 1980 annum

203 2015 262 2075 185
286 2033 315 2082 a.
339 2012 412 2079 Chr.
436 2035 477 2096 n,
501 2013 716 2097 cistophorus,
748 2014 803 2095 qui
825 2014 908 2078 intra
935 2013 1125 2095 Pergameni
1152 2015 1242 2096 regni
1271 2013 1350 2080 fines

200 2173 409 2260 feriebantur,
437 2184 710 2260 monogrammate
732 2112 800 2240 [ΡΞ
825 2194 896 2242 esse
919 2181 1099 2246 exornatos.

290 2431 315 2490 1)
334 2427 380 2482 Sic
398 2429 490 2498 oppidi
509 2429 577 2483 situs
602 2432 642 2483 est
661 2429 751 2498 pictus
775 2429 810 2483 ab
829 2429 863 2482 H.
886 2429 1067 2498 Kieperto:
1087 2427 1273 2496 Speciaiharte
1291 2447 1351 2484 vom

201 2515 354 2568 uestlichen
372 2513 527 2570 lileinasieu
546 2516 627 2580 (nach
645 2515 738 2569 seinen
755 2515 866 2582 eigeueu
880 2513 979 2568 Reisen
998 2511 1051 2565 und
1070 2513 1141 2566 nach
1159 2514 1352 2568 vorhandenen

200 2600 405 2666 grosstentheils
438 2600 509 2654 noch
537 2598 805 2654 unverdffentlichten
836 2597 1129 2658 Rootenauinahmen).
1166 2599 1254 2656 Beroi.
1287 2603 1350 2653 1890

201 2684 257 2738 tab.
277 2683 310 2738 V.
347 2685 399 2739 Sed
417 2685 484 2739 miro
502 2685 618 2753 quodam
637 2684 716 2740 modo
735 2701 833 2739 nomen
852 2685 981 2754 scriptum
1001 2684 1042 2735 est
1060 2679 1225 2737 Stratonike.
