3308 5000
652 351 866 460 ss-er-

182 565 294 646 tentia,
317 563 368 629 cui
392 582 445 630 me
467 582 565 646 supra
586 563 711 647 addixi,
733 565 910 632 PansauIas
927 564 1012 630 VIII.
1030 566 1071 628 50
1093 571 1126 631 et
1148 563 1339 632 Plutarchus

181 668 310 753 Philop.
326 672 364 732 15
377 665 418 732 de
431 667 520 732 exitu
532 665 610 732 helii
622 667 797 733 memoriae
809 667 1010 732 tradiderunt
1020 666 1128 732 Nabin
1139 667 1178 732 Τ.
1187 665 1337 744 Quinctio

181 772 364 837 Flaminino
386 776 517 834 auctore
539 767 728 834 assomanis
752 769 785 833 iu
807 775 928 834 certum
950 767 1114 852 quoddam
1137 775 1265 853 tempus
1289 771 1337 834 in·

181 874 288 941 dutiae
310 873 535 954 impetravisse
558 869 625 948 (cir.
649 867 764 950 Ruehl,
787 890 818 952 p.
835 871 875 933 37
887 872 982 953 sqq).

267 975 355 1041 Inter
377 973 436 1042 has
451 979 558 1039 autem
580 971 720 1038 indutias
736 971 954 1037 Alexamenus
976 971 1018 1036 ab
1035 973 1158 1040 Aetolis
1174 970 1217 1038 ad
1241 973 1336 1039 inter-

180 1077 353 1148 ficiendum
375 1082 545 1159 tyrannum
568 1076 684 1139 missus
708 1073 985 1140 Lacedaemonem
1016 1075 1120 1152 venit,
1151 1074 1206 1140 uhi
1227 1075 1336 1141 Nabin

179 1183 391 1262 obtruncavit,
415 1181 600 1265 priusquam
621 1197 642 1242 a
664 1175 816 1242 Romanis
845 1178 935 1260 pacta
958 1175 1163 1243 condiciones
1192 1178 1335 1244 sancitae

178 1292 278 1352 erant.

263 1387 371 1470 Atque
395 1385 427 1450 id
450 1382 581 1467 quidem
605 1387 662 1463 est,
685 1399 741 1446 cur
762 1397 956 1464 magnopere
979 1381 1140 1465 miremur,
1163 1381 1249 1465 quod
1271 1383 1333 1448 Ro-

178 1507 346 1556 manorum
380 1487 442 1553 hoc
474 1504 538 1551 nuo
570 1483 643 1549 loco
676 1481 763 1566 apud
792 1499 896 1547 rernm
932 1483 1104 1566 scriptores
1134 1485 1254 1550 mentio
1278 1475 1331 1551 iit.

177 1591 326 1674 Namque
343 1590 403 1656 etsi
425 1588 520 1654 facile
536 1591 585 1652 est
598 1583 763 1652 intellectu
779 1583 951 1667 Romanos,
966 1604 1029 1651 non
1044 1585 1195 1653 Achaeos
1210 1586 1330 1654 Nabidi

178 1693 320 1758 indutias
343 1691 473 1757 dedisse
487 1690 524 1770 ¹),
554 1685 640 1771 quod
670 1693 702 1752 et
730 1687 786 1751 ille
816 1686 930 1753 foedus
952 1688 1050 1754 ictum
1072 1709 1143 1755 cum
1167 1690 1331 1775 Romanis,

177 1793 383 1862 Achaeorum
405 1794 511 1874 soeIIs,
534 1792 676 1874 fregerat
697 1795 730 1854 et
743 1789 782 1854 Τ.
798 1786 966 1865 Quinctius
989 1791 1153 1874 ceterique
1175 1793 1276 1874 legati
1298 1795 1331 1858 iu

177 1897 350 1963 Graeciam
374 1897 461 1960 missi
486 1902 585 1974 erant,
609 1891 695 1976 quod
719 1891 893 1956 exarsIsset
914 1891 1051 1958 Nabidis
1075 1893 1194 1959 ballum
1218 1902 1251 1960 et
1273 1897 1330 1960 im·

176 2001 315 2065 minoret
329 1997 508 2082 Syriacum,
532 2002 640 2062 tamen
655 1992 812 2078 pervalde
828 1992 950 2074 dubito,
966 2012 1042 2057 num
1058 1993 1193 2060 Romani
1210 1997 1330 2064 otiosos

176 2102 257 2168 belli
280 2105 476 2184 spectatores
498 2118 534 2165 se
555 2097 771 2183 praebuerint,
793 2095 980 2178 prinsquam
998 2095 1100 2162 Nabis
1123 2117 1144 2160 a
1157 2095 1329 2180 Philopoe-

176 2224 270 2270 mene
299 2203 498 2286 perdomitus
528 2209 585 2266 ast.
630 2199 749 2265 Ansam
780 2198 837 2262 dat
865 2196 1024 2261 dubitanti
1050 2198 1085 2263 id
1117 2199 1328 2283 potissimum,

175 2305 264 2389 quod
292 2305 477 2387 nentiquam
506 2309 654 2368 narratur
675 2298 838 2383 Gytheum
861 2300 992 2381 aliaque
1014 2301 1137 2384 oppida
1158 2303 1328 2386 maritima,

177 2427 262 2491 quae
283 2408 316 2472 in
333 2406 461 2490 tyranni
476 2411 585 2488 partes
601 2405 802 2486 transierant,
826 2402 867 2468 ab
884 2400 1024 2468 Achaeis
1042 2423 1216 2486 eorumque
1232 2407 1329 2473 sociis

177 2516 366 2594 recuperata
388 2527 475 2586 esse,
503 2526 698 2590 quamquam
721 2504 828 2571 Nabin
857 2523 878 2568 a
905 2503 987 2569 mari
1009 2505 1139 2572 omnino
1163 2507 1328 2578 exclusum

175 2620 208 2678 et
228 2611 345 2678 finibus
368 2611 495 2693 exiguIs
511 2609 666 2675 inclusum
681 2609 780 2672 fnisse
795 2606 907 2672 Liuius
923 2611 1058 2672 testatur
1073 2609 1181 2676 verbis
1205 2631 1231 2676 c.
1246 2614 1295 2677 35.
1312 2617 1325 2676 t

171 2709 280 2798 ‘quem
314 2714 488 2797 spoliatum
518 2711 686 2775 maritimis
717 2709 848 2793 oppidis
877 2709 919 2774 ab
947 2709 1111 2794 Romanis,
1141 2719 1217 2778 tunc
1246 2714 1328 2779 intra

174 2818 302 2883 moenia
317 2817 414 2882 etiam
430 2814 682 2880 Lacedaemonis
698 2813 740 2877 ab
755 2809 912 2877 Archaeis
928 2804 1134 2893 compulsum'
1155 2821 1187 2878 et
1203 2834 1228 2878 c.
1243 2818 1293 2882 37.
1308 2821 1326 2882 3

170 2914 332 2987 ‘societati
355 2917 558 2983 Achaeorum
581 2913 858 2980 Lacedaemonios
881 2911 1039 2995 adiunxit,
1063 2933 1102 2978 eo
1129 2918 1226 2981 etiam
1249 2917 1326 2983 faci-

174 3023 251 3094 lins,
282 3019 369 3106 quod
398 3019 439 3084 ad
464 3018 550 3084 idem
573 3019 654 3083 forte
677 3021 803 3097 tempus
825 3015 863 3078 A.
886 3014 1004 3079 Atilius
1027 3035 1099 3080 cum
1124 3023 1273 3098 quattuor
1295 3025 1328 3086 et

174 3124 287 3207 viginti
311 3123 593 3206 quinqueremibus
615 3119 657 3185 ad
680 3115 844 3201 Gytheum
867 3107 1029 3199 accessit',
1056 3136 1097 3182 ex
1120 3118 1236 3201 quihus
1259 3120 1326 3185 effi·

173 3227 255 3292 citur
277 3223 439 3307 Gytheum
462 3222 617 3306 oppidum
639 3222 695 3286 ilio
718 3227 862 3302 tempore
885 3218 1022 3284 Nabidis
1051 3223 1152 3303 partis
1175 3222 1240 3286 iarn
1262 3243 1326 3288 non

173 3327 287 3408 tuisse,
317 3325 406 3391 cuius
430 3327 492 3390 Iam
517 3345 615 3408 supra
636 3323 848 3389 meminimus.

258 3425 383 3506 Quibus
404 3427 500 3492 facile
523 3426 677 3507 adducor,
699 3432 734 3489 ut
756 3423 885 3489 credam
903 3431 1089 3508 expugnata
1104 3445 1176 3493 esse
1193 3427 1324 3512 oppida,

172 3549 254 3612 quae
285 3528 326 3593 ad
355 3529 494 3594 Nabidis
523 3549 651 3596 causam
681 3547 716 3592 se
739 3526 968 3606 adiunxerant,
993 3546 1065 3591 cum
1089 3527 1146 3593 illa
1169 3528 1251 3592 ultro
1281 3528 1325 3592 ad

172 3630 320 3696 Achaeos
349 3633 515 3700 transIIsse
542 3631 719 3697 rerIsimile
748 3648 819 3694 esse
847 3648 910 3694 non
941 3627 1099 3693 rideatur.
1150 3630 1258 3711 Atque
1290 3631 1325 3695 id

171 3733 302 3814 quidem
325 3735 465 3798 omniurn
490 3733 617 3799 videtur
645 3731 940 3816 probabiIIssimum
970 3749 1009 3794 ea
1038 3736 1105 3794 turn
1134 3739 1325 3813 recuperata

258 3971 282 4031 l)
301 3966 351 4020 cfr.
381 3966 502 4033 Ruehl‚
530 3985 556 4036 p.
582 3973 613 4021 37
632 3984 689 4044 sqq.
726 3966 757 4019 Id
783 3967 889 4035 quidem
914 3967 1096 4020 Romanorum
1123 3971 1179 4018 tum
1208 3967 1324 4020 maxime

170 4051 302 4105 intererat
318 4051 456 4120 impedire,
477 4053 618 4121 quominus
636 4051 723 4106 Nabis
742 4053 890 4116 tolleretur,
911 4066 972 4104 cnm
990 4049 1088 4104 vellent
1104 4064 1165 4103 eum
1184 4049 1323 4104 Laconum

169 4135 311 4206 imperium
329 4137 459 4202 abripere,
478 4155 512 4192 ne
529 4139 697 4192 Achaeorum
716 4152 781 4204 opes
800 4137 905 4192 modum
925 4136 1092 4190 excederent.
