3344 5008
788 402 997 459 ..qq-

319 566 401 630 inter
418 566 611 648 Pergamum
636 573 668 632 et
690 566 802 633 Sardis
826 569 887 632 sita
910 589 971 633 non
996 569 1104 651 procul
1129 589 1149 632 a
1170 566 1329 648 Thyatira
1350 567 1469 632 aberat.

318 667 594 736 Commemoratur
608 668 695 751 apud
709 668 957 752 Xenophontem
969 670 1072 735 Ancb.
1091 669 1158 734 VII.
1176 670 1204 733 8.
1222 674 1260 732 16
1283 676 1315 735 ct
1329 669 1469 734 Plinium

319 776 384 838 nat.
397 769 470 836 hist.
485 771 520 836 V.
532 774 582 855 33,
595 771 652 838 sed
665 773 845 839 accuratius
858 771 969 855 oppidi
983 771 1161 854 depingunt
1177 772 1272 838 situm
1288 769 1469 853 Stephanus

320 873 493 955 Byzantius
522 893 546 939 s.
569 894 599 939 r.
622 865 831 939 Ἀπολλωνία
860 873 967 940 verbis
997 877 1138 948 Μυσίας
1167 869 1268 946 πόλις
1294 880 1327 938 et
1354 870 1470 937 Strabo

320 976 408 1040 XIII.
424 979 450 1039 4.
466 980 485 1038 4
501 996 532 1058 p.
546 978 618 1059 625,
636 978 688 1060 qui
707 976 786 1042 dicit
801 976 833 1040 In
846 975 1051 1056 Teuthrania,
1069 995 1152 1060 qnae
1168 981 1216 1042 est
1231 975 1355 1057 Mysiae
1369 974 1469 1057 regin,

318 1077 399 1142 illud
422 1076 576 1162 oppidum
599 1098 670 1145 esse
693 1080 841 1163 positum.
881 1078 925 1144 Ut
947 1078 1105 1164 Thyatira
1127 1077 1174 1144 sic
1196 1077 1369 1160 ApollonIa
1391 1095 1467 1158 quo·

319 1200 380 1262 que
404 1199 488 1245 anno
504 1201 533 1246 a.
551 1180 624 1248 Chr.
641 1203 670 1247 n.
691 1183 749 1246 188
766 1180 904 1247 dIcionis
919 1182 1138 1265 Pergamenae
1161 1181 1247 1245 lacta
1269 1187 1326 1246 est.
1355 1179 1467 1262 ltaque

319 1282 494 1365 cistophori
517 1283 553 1348 B.
570 1285 620 1347 83.
644 1285 684 1346 84
709 1283 815 1348 lIttera
830 1281 861 1342 Δ
877 1281 1019 1364 insigniti
1042 1303 1125 1348 anno
1147 1302 1176 1347 a.
1194 1281 1267 1348 (lhr.
1284 1302 1314 1346 n.
1335 1284 1393 1346 185
1416 1281 1469 1348 hic

317 1389 391 1450 sunt
413 1385 481 1450 orti.

404 1485 505 1552 Multo
528 1507 605 1553 vero
629 1485 793 1552 difficilius
817 1492 866 1553 est
887 1484 929 1551 ad
952 1484 1210 1567 diiudicandum,
1240 1505 1324 1568 quae
1347 1484 1466 1552 Strato·

318 1589 409 1654 alcea
432 1589 473 1654 sit
494 1589 723 1672 intellegenda.
760 1589 801 1655 Et
816 1590 873 1654 illa
895 1586 1036 1672 quidem,
1052 1607 1136 1671 qnae
1152 1589 1215 1654 sita
1230 1588 1346 1654 eratin
1361 1587 1466 1672 Caria,

317 1691 455 1774 primurn
478 1697 548 1757 erat
570 1690 784 1772 Rhodiorum,
815 1693 868 1774 qui
899 1689 1054 1774 oppidum
1083 1691 1125 1755 ab
1148 1689 1307 1756 Antiocho
1330 1683 1466 1752 Seleuco

318 1800 513 1877 acceperant
535 1794 602 1871 (cfr.
620 1793 733 1876 Polyb.
755 1794 877 1859 XXXI.
896 1797 937 1876 7),
961 1799 1073 1876 postea
1095 1813 1178 1858 anno
1201 1813 1230 1858 a.
1255 1792 1328 1858 (ihr.
1351 1812 1382 1855 n.
1407 1791 1465 1852 166

315 1897 356 1962 ab
380 1897 532 1961 Romanis
555 1900 603 1961 est
624 1896 769 1962 liberata.
801 1898 913 1979 Itaque
934 1896 1059 1963 duobus
1083 1916 1123 1961 ex
1139 1896 1212 1962 altis
1235 1894 1365 1979 oppidis
1387 1893 1463 1976 quio

315 1998 451 2065 alterum
475 1999 517 2064 sit
545 1997 770 2081 accipiendum
792 2019 855 2065 non
878 1998 999 2065 dubito.
1044 1998 1155 2064 Altera
1178 1996 1379 2064 Stratonicea
1400 2015 1464 2078 quc

315 2102 388 2166 loco
410 2101 472 2166 sita
494 2100 604 2182 luerit,
634 2120 719 2167 nunc
742 2102 916 2182 nescimus,
946 2100 1014 2184 scd,
1045 2107 1079 2166 ut
1101 2120 1142 2166 ex
1166 2099 1274 2166 verbis
1297 2098 1464 2164 StrabcnIs

314 2202 401 2267 XIV.
410 2205 438 2264 2.
448 2206 525 2287 asp.
534 2205 596 2266 660
608 2199 681 2266 ἔστι
690 2199 726 2265 dh
737 2204 793 2266 καὶ
807 2195 889 2288 ἄλλη
898 2206 1143 2285 Στρατονίκεια,
1155 2196 1174 2286 ἡ
1186 2198 1272 2285 πρὸς
1283 2201 1332 2284 τῷ
1344 2197 1463 2284 Ταύρῳ

315 2302 506 2389 καλουμένη,
531 2303 704 2384 πολίχνιον
727 2309 968 2387 προσκείμενον
996 2306 1043 2388 τῴ
1066 2297 1138 2388 ὄρει
1166 2310 1200 2371 et
1222 2301 1378 2388 Stephani
1400 2303 1462 2386 By·

314 2407 411 2473 zantii
434 2428 458 2474 e.
475 2427 505 2472 v.
526 2397 762 2490 ‘chrovc'nccc‘
790 2404 861 2471 ἔστι
882 2407 936 2470 καὶ
962 2404 1073 2491 ἕτερον
1096 2405 1268 2488 πολίχνιον
1297 2402 1383 2486 πρὸς
1415 2404 1463 2490 aqi

318 2506 437 2592 Ταύρῳ
460 2510 610 2592 cognosci
633 2515 753 2594 potest,
781 2511 888 2576 Tauro
910 2511 1010 2576 monti
1038 2511 1217 2576 adiacebat.
1263 2511 1368 2592 Atque
1392 2529 1463 2575 cnm

313 2632 397 2680 anuo
420 2631 449 2676 a.
466 2609 539 2677 cnr.
556 2631 585 2675 n.
605 2613 664 2676 188
688 2613 841 2680 Eumenis
868 2633 1000 2696 regnum
1022 2632 1124 2696 usqne
1145 2612 1187 2678 ad
1210 2613 1350 2678 Taurum
1374 2632 1461 2677 mon·

313 2723 378 2782 tem
400 2713 559 2800 prolatum
584 2715 634 2797 sit,
658 2712 740 2782 haec
763 2735 890 2799 quoque
906 2714 1108 2782 Stratonicea
1124 2717 1258 2781 Eumeni
1281 2715 1350 2797 regi
1372 2715 1462 2780 attri-

312 2817 441 2885 buenda
464 2823 521 2884 est.
558 2815 657 2882 Multo
673 2823 779 2884 tannen
797 2817 1002 2884 verisimilius
1019 2825 1068 2884 est
1082 2819 1214 2884 alteram
1228 2816 1460 2884 Stratoniceam

311 2919 561 3003 intellegendam
589 2939 669 2986 esse.
715 2920 806 2999 Quae
828 2921 860 2988 in
883 2922 1019 2986 nummis
1042 2921 1119 2986 solis
1142 2920 1313 3003 reperitur,
1336 2922 1368 2985 ln
1391 2924 1459 3004 qui·

310 3026 369 3090 hus
385 3022 605 3089 Stratoniceae
622 3023 743 3105 oppido
759 3043 934 3106 cognomen
953 3021 1076 3096 Κάϊκος
1099 3021 1235 3087 luditum
1252 3027 1301 3087 est
1315 3020 1404 3084 velut
1426 3021 1459 3084 in

310 3142 439 3188 nummo
456 3126 634 3207 temporum
653 3123 916 3192 Caesarianornm
935 3119 1279 3187 ΣΤΡΑΤΟΝΙΚΕΩΝ
1298 3121 1459 3185 ΚΑΙΚΟΣ

309 3225 377 3301 (cfr.
400 3223 493 3290 Head
516 3226 536 3290 l.
560 3227 579 3290 l.
602 3246 632 3308 p.
656 3229 740 3304 466).
795 3227 884 3293 Haec
913 3234 1019 3292 autern
1049 3225 1258 3307 StratonIcea,
1290 3232 1458 3309 postquam

226 3379 233 3392 .
309 3325 493 3394 Hadrianus
509 3328 723 3392 Romanorum
741 3330 913 3411 imperator
935 3350 1018 3394 anno
1044 3332 1104 3394 123
1128 3349 1158 3412 p.
1175 3327 1249 3394 chr.
1266 3328 1356 3393 nihi
1373 3349 1458 3394 ccm-

309 3435 503 3495 memoratus
526 3437 584 3511 est,
608 3429 858 3515 Hadrianopolis
882 3438 930 3497 est
952 3432 1166 3511 denominata,
1191 3429 1277 3513 quod
1300 3449 1342 3495 ex
1364 3430 1457 3496 titulo

310 3529 441 3597 Invento
464 3532 496 3602 in
520 3531 641 3616 oppido
664 3531 796 3614 Germe,
827 3534 913 3617 qnod
941 3554 1024 3600 nunc
1043 3522 1286 3616 ‘Kirkaghateh'
1312 3531 1456 3615 appella·

308 3637 367 3714 tur,
383 3635 598 3718 comperimus
613 3635 681 3711 (cfr.
698 3635 1049 3719 habas-Waddingtcn:
1072 3635 1281 3718 Inscriptions
1300 3652 1457 3716 grecques

308 3741 341 3798 et
362 3734 477 3802 latines
506 3737 687 3804 recueillies
716 3757 755 3803 en
779 3737 881 3804 creec
905 3745 937 3804 et
960 3759 999 3804 en
1021 3739 1099 3806 Asie
1128 3737 1272 3802 mineurs
1300 3742 1374 3802 tom.
1398 3736 1455 3802 III.

307 3841 388 3919 part.
404 3836 428 3902 I.
449 3842 529 3904 11143
553 3848 585 3905 et
601 3839 745 3907 eiusdem
761 3841 983 3924 Explications
999 3841 1057 3907 des
1078 3839 1282 3924 inscriptions
1306 3844 1381 3904 tom.
1396 3839 1453 3904 III.

307 3943 388 4020 part.
405 3939 445 4003 ΙΙ.
470 3961 499 4024 p.
523 3943 584 4005 268
607 3941 649 4006 ad
675 3944 778 4018 1643).
824 3942 890 4008 Sed
913 3962 995 4026 qnae
1018 3963 1038 4007 a
1061 3942 1199 4008 Lehasio
1223 3947 1296 4006 sunt
1317 3939 1453 4024 prolata,

309 4057 382 4105 mea
405 4041 537 4123 quidem
553 4045 712 4110 sententia
734 4064 797 4110 non
819 4045 883 4111 iam
904 4052 1038 4129 possunt
1059 4044 1198 4128 probari,
1221 4051 1390 4129 postquam
1413 4044 1455 4108 ab

307 4141 434 4208 Headio
457 4147 477 4210 l.
495 4147 514 4210 l.
539 4166 590 4212 res
613 4154 686 4210 sunt
708 4147 909 4230 explanatae.
947 4146 1038 4226 Quae
1060 4147 1262 4212 Stratonicea
1289 4167 1352 4212 non
1374 4147 1452 4211 mul-
