3308 5000
818 336 1030 400 ..34-

342 515 505 576 momento
521 509 683 576 Romanos
705 505 869 573 adiuverit
889 525 1001 589 necne,
1025 506 1136 572 unicus
1159 503 1266 572 adhuc
1287 507 1379 573 testis
1399 508 1500 592 respi-

341 610 475 678 ciendus
513 614 584 676 erat
610 609 648 673 T.
672 608 795 691 Livius,
829 609 885 691 qui
912 608 933 672 l.
963 607 1115 672 XXXVI.
1146 611 1187 672 42
1216 607 1394 674 Eumenem
1427 616 1503 693 post

341 713 502 796 proelium
525 712 729 778 commissum
752 711 785 775 iu
808 711 913 777 insula
934 709 1062 792 Aegina
1083 708 1182 776 fuisse
1204 709 1319 791 refert,
1341 709 1388 776 ita
1410 711 1501 776 utin

341 819 492 899 promptu
522 815 564 880 sit
593 813 733 898 suspicio
761 833 834 878 cum
857 812 1012 878 victoriae
1040 811 1234 895 participem
1261 818 1296 878 et
1322 810 1502 878 adiutorem

339 935 404 982 non
426 914 536 982 fuisse.
581 913 625 981 At
646 935 730 981 nuuc
751 913 873 980 firmius
894 912 1152 994 fundamentum,
1175 929 1239 994 quo
1261 912 1332 978 nixi
1353 931 1422 978 rom
1445 911 1502 980 de·

342 1025 527 1101 cernamus,
555 1017 768 1084 substructum
800 1022 863 1082 est:
895 1015 1022 1081 titulum
1051 1013 1125 1081 dico
1153 1013 1242 1098 apud
1270 1013 1501 1082 Fracnkelium

340 1137 392 1184 no.
417 1121 458 1182 62
492 1138 524 1201 p.
548 1121 589 1183 49
601 1138 649 1202 sq.
699 1116 738 1183 Id
762 1118 847 1184 enim
870 1137 911 1184 ex
940 1137 978 1183 eo
1013 1116 1166 1183 discimus
1194 1115 1348 1182 Eumenis
1382 1117 1502 1184 milites

341 1219 496 1302 praedam
526 1221 558 1285 in
588 1219 727 1286 Graecia
755 1218 842 1284 hello
870 1218 1065 1286 Antiochino
1095 1224 1221 1302 partam
1243 1216 1393 1284 Athenae
1415 1219 1502 1286 nice·

340 1321 464 1405 phorae
480 1323 731 1403 consecravisse,
755 1319 839 1386 undo
856 1319 1002 1403 eflicitur,
1025 1322 1053 1387 si
1068 1339 1132 1386 non
1146 1337 1257 1402 regem
1280 1319 1398 1404 ipsum,
1422 1326 1502 1386 atta·

342 1443 416 1490 men
439 1425 508 1491 eius
531 1425 650 1490 milites
673 1443 769 1508 opem
792 1423 904 1489 tulisse
921 1422 1075 1489 Romanis
1097 1422 1129 1486 in
1145 1419 1284 1487 Graecia
1307 1420 1501 1506 belligeran-

341 1525 437 1594 tibus.
483 1524 688 1609 Quapropter
716 1525 790 1590 illos
821 1525 927 1592 socios
957 1524 1120 1591 exstitisse
1149 1523 1307 1589 victoriae
1335 1522 1379 1588 ad
1401 1522 1502 1590 Ther·

341 1629 489 1712 mopylas
511 1632 694 1712 reportatae
718 1627 801 1692 ultra
823 1627 1086 1711 probabilitatem
1102 1645 1166 1690 non
1182 1623 1404 1709 progreditur:
1426 1645 1502 1692 nam

341 1729 375 1794 id
398 1730 487 1809 latet,
511 1749 651 1813 quanam
672 1729 740 1795 alia
761 1729 932 1795 occasione
956 1728 1033 1794 data
1058 1727 1216 1812 praedam
1239 1727 1359 1793 milites
1381 1726 1502 1810 Perga·

341 1832 427 1897 meni
450 1851 568 1916 capere
590 1831 768 1915 potuerint,
800 1851 890 1913 cum,
920 1830 948 1898 si
971 1830 1128 1896 omittitur
1154 1827 1267 1896 clades
1295 1828 1353 1894 illa
1374 1827 1501 1898 Ghuloi·

341 1930 463 2017 densis,
492 1953 557 1999 non
586 1932 735 1999 videatur
768 1934 904 1999 alterum
938 1931 1097 2017 proelium
1132 1949 1203 1996 esso
1237 1930 1445 1998 commissum
1468 1939 1501 1998 et

341 2040 466 2102 constet
488 2035 626 2102 classem
648 2034 883 2119 Pergamenum
905 2034 1003 2117 paulo
1032 2038 1106 2116 post
1138 2033 1172 2097 in
1193 2031 1306 2098 Asiam
1334 2033 1502 2101 remissam

342 2154 424 2203 esse.
467 2137 552 2202 Nam
576 2137 772 2221 Eumenem,
796 2138 856 2204 etsi
879 2137 951 2221 ipse
972 2134 1120 2218 Aeginae
1150 2133 1206 2200 diu
1236 2153 1272 2200 se
1303 2135 1435 2201 tenebat
1455 2137 1503 2202 in·

341 2246 446 2306 certus
467 2239 612 2319 consilii,
635 2245 740 2305 utrum
764 2239 796 2303 in
819 2239 931 2304 Asiam
954 2235 1075 2304 rediret
1096 2236 1138 2301 ad
1169 2255 1302 2318 regnum
1331 2256 1424 2304 suum
1448 2236 1501 2304 de·

343 2337 540 2404 leudeudnm
569 2339 611 2405 ab
640 2341 763 2423 impetu
785 2338 956 2422 Antiochi,
980 2357 1076 2421 quem
1099 2337 1223 2421 Ephesi
1245 2339 1379 2406 navales
1400 2345 1497 2406 terre·

342 2444 488 2523 stresque
518 2460 632 2526 parare
667 2443 779 2526 copias
808 2440 975 2521 audiebat,
1006 2460 1048 2505 an
1077 2459 1235 2523 nusquam
1263 2439 1457 2508 abscederet
1482 2463 1503 2508 a

343 2540 508 2625 Romanis,
532 2562 574 2608 ex
590 2562 724 2625 quorum
740 2544 870 2608 fortuna
884 2561 943 2609 sua
957 2541 1114 2626 penderet
1128 2541 1211 2615 (Liv.
1225 2540 1378 2609 XXXVL
1393 2546 1444 2609 42.
1458 2544 1503 2626 6),

343 2648 378 2709 et
401 2643 435 2709 id
457 2645 616 2729 optimum
646 2664 718 2713 esse
745 2646 840 2712 duxit
867 2663 1034 2711 remanere
1061 2645 1167 2728 ipsum
1198 2644 1231 2709 in
1253 2644 1393 2712 Graecia
1414 2654 1503 2714 ratus

344 2745 476 2831 habes,
511 2748 629 2830 quibus
662 2749 753 2832 regni
787 2767 896 2814 curam
918 2746 1143 2830 delegaverat,
1166 2745 1319 2813 Antiochi
1348 2747 1503 2832 impetum

344 2848 520 2916 reiecturos
554 2869 642 2934 esse,
675 2858 784 2917 muron
820 2848 983 2916 remisisse
1017 2849 1051 2914 in
1080 2849 1193 2916 Asiam
1225 2848 1326 2916 tribus
1357 2851 1503 2934 exceptis

344 2968 457 3017 omnes
487 2971 588 3018 naves
610 2951 720 3018 Attalo
749 2953 848 3018 fratre
878 2949 960 3018 duco
989 2969 1048 3034 pro
1079 2957 1166 3017 corto
1196 2949 1374 3018 habuerim.
1419 2951 1503 3018 Nam

345 3070 418 3117 cum
439 3050 474 3118 G.
498 3052 611 3120 Livius
634 3053 806 3137 Salinator,
830 3054 1045 3119 Romanorum
1075 3058 1215 3134 praetor,
1244 3072 1317 3118 cum
1346 3055 1503 3140 quinqua·

344 3151 435 3234 ginta
455 3155 592 3221 navibus
614 3157 708 3222 tectis
730 3162 763 3221 ct
784 3175 844 3221 sex
866 3153 996 3220 Pnuicis
1017 3154 1157 3238 aliisque
1178 3175 1199 3221 a
1221 3155 1354 3238 Reginis
1374 3156 1503 3224 Locris·

345 3273 409 3336 que
432 3261 465 3321 et
487 3256 631 3323 eiusdem
655 3258 733 3324 iuris
756 3257 853 3324 sociis
869 3256 993 3322 exactis
1016 3273 1058 3322 ex
1079 3256 1175 3322 Italia
1195 3256 1240 3323 ad
1255 3257 1407 3324 Piraeum
1430 3279 1502 3344 por·

345 3361 423 3440 tum,
446 3357 479 3422 in
502 3378 568 3442 quo
589 3359 628 3426 Δ.
651 3359 787 3442 Atilius,
810 3359 866 3443 qui
887 3359 994 3442 priore
1023 3377 1108 3425 anno
1136 3365 1320 3441 praeturam
1349 3367 1504 3443 gessem,

345 3477 445 3525 naves
467 3459 510 3526 ad
525 3480 661 3528 ancoras
683 3460 897 3543 deligaverat,
920 3460 1205 3545 appropinquaret,
1229 3479 1330 3546 usquo
1352 3462 1394 3528 ad
1411 3461 1502 3546 Scyl·

344 3560 452 3627 laeum
475 3561 635 3630 Eumenes
669 3563 699 3630 oi
729 3583 802 3630 cum
834 3563 937 3630 tribus
971 3562 1109 3629 mribus
1140 3563 1268 3629 obviam
1297 3570 1347 3630 est
1375 3571 1501 3646 vectus,
1635 3621 1636 3636 2

345 3663 490 3745 reliquae
513 3671 619 3732 autem
636 3685 736 3734 naves
760 3665 816 3732 illo
839 3672 984 3750 tempore
1007 3665 1072 3731 iam
1088 3665 1209 3733 Elaeae
1232 3671 1322 3732 erant
1344 3666 1413 3740 (olr.
1431 3665 1501 3732 Liv.

345 3761 498 3831 XXXVI.
522 3769 573 3832 43.
599 3770 650 3844 12)
665 3771 694 3846 ¹).

347 3919 547 3928 ———-—

436 4005 460 4067 l)
478 4001 609 4057 Eumenis
626 4016 707 4060 naues
726 4018 781 4058 nou
800 4001 1067 4071 comprehenduntur
1084 4016 1196 4057 numero
1215 4002 1296 4058 unius
1313 4009 1341 4057 et
1364 4003 1503 4071 catomum

345 4087 545 4142 consuetarum
563 4088 671 4142 navium
689 4089 717 4142 et
734 4087 882 4144 multarum
900 4093 1040 4156 praeterea
1063 4087 1213 4152 minorum,
1236 4094 1373 4158 quaeant
1391 4089 1502 4158 apertae
