3344 5008
672 426 885 488 „31-

289 589 438 657 Attamen
461 613 496 659 re
518 613 597 659 vera
618 613 750 678 regnum
779 598 844 657 tarn
869 592 1018 677 exiguum
1046 612 1108 657 uou
1138 593 1236 662 inisse
1258 593 1352 660 vele

204 689 371 760 Strabonis
382 695 490 762 verbis
502 695 591 760 XIII.
605 701 633 761 4.
647 699 666 759 2
680 716 710 779 p.
721 697 783 761 614
796 695 1017 778 cognoscimus
1031 691 1194 779 πρότερον
1206 687 1238 760 d'
1256 680 1295 781 ἦν
1311 695 1352 762 τὰ

205 795 281 880 περὶ
305 798 483 881 Πέργαμον
506 789 544 862 οὗ
566 793 677 862 πολλὰ
690 802 797 880 χωρία
819 800 914 881 μέχρι
935 798 994 883 τῆς
1010 794 1184 876 θαλάττης
1198 802 1257 883 τῆς
1271 798 1355 865 κατὰ

203 893 262 962 τὸν
273 888 423 986 Ἐλαΐτην
444 898 570 964 κόλπον
593 901 645 965 καὶ
671 895 730 964 τὸν
748 893 1023 984 Άδραμυττηνόν,
1048 901 1163 984 quibus
1185 901 1241 968 ille
1263 905 1353 988 regni

205 999 397 1084 Pergameni
419 1002 509 1087 finos,
532 1005 645 1086 quales
668 1003 795 1069 fuerunt
818 1004 947 1068 Ineunte
969 1003 1071 1068 altero
1087 1003 1218 1069 saeculo
1233 1025 1262 1070 a
1279 1005 1355 1072 (ihr.

203 1122 233 1167 n.
257 1106 453 1188 accuratius,
477 1111 511 1171 ut
533 1105 677 1189 videtur,
702 1103 874 1170 memoriae
901 1103 1045 1170 tradidit.
1090 1104 1203 1188 Itaque
1226 1106 1355 1174 Strabo·

203 1225 275 1270 nem
300 1207 327 1272 si
356 1213 517 1274 auctorem
549 1208 727 1291 sequium,
758 1226 892 1288 reguum
921 1207 1143 1272 continebatur
1170 1229 1191 1272 a
1220 1211 1355 1278 meridie

203 1309 300 1374 maris
323 1311 395 1376 sinu
417 1311 564 1394 Eiaitioo,
587 1311 629 1375 ab
652 1308 820 1376 occidente
843 1308 923 1373 mari
947 1308 1088 1391 Aegaeo,
1111 1330 1131 1373 a
1154 1314 1354 1394 septemtrio·
1465 1391 1468 1400 g

202 1410 296 1476 nibus
319 1413 416 1479 maris
439 1413 510 1478 sinu
527 1412 769 1495 Adramytteno.
808 1410 905 1476 Fines
928 1409 968 1475 ad
994 1411 1149 1477 orientem
1173 1421 1354 1496 spectantes

203 1509 319 1578 Strabo
342 1535 406 1581 nou
428 1514 608 1599 adumbrat,
630 1516 693 1582 uisi
714 1516 797 1580 forte
818 1518 968 1597 putamus
984 1511 1091 1578 verbis
1113 1508 1154 1576 τὰ
1169 1515 1246 1598 περὶ
1265 1518 1354 1600 Πέρ-

202 1637 308 1697 γαμον
331 1617 405 1684 illos
434 1617 664 1702 comprehendi
695 1623 727 1682 et
749 1615 939 1682 Strabonem
970 1634 1034 1682 nou
1063 1615 1175 1699 procul
1204 1618 1246 1682 ab
1275 1620 1354 1684 urbe

204 1716 360 1801 Pergamo
384 1719 481 1786 inisse
511 1721 590 1788 fines
619 1719 661 1787 ad
693 1721 847 1786 orientem
878 1723 1048 1802 vergentes
1079 1737 1150 1785 esse
1179 1719 1352 1803 opinatum.

202 1819 242 1884 Iit
263 1818 343 1887 fines
372 1823 463 1906 regui
493 1823 683 1906 Pergameni
713 1822 755 1888 ad
784 1819 951 1888 meridiem
981 1825 1165 1904 spectantes
1193 1823 1353 1891 rettulisse

203 1919 403 2007 Strabonem,
427 1925 523 1990 sicuti
544 1926 600 1992 illo
625 1932 770 2008 tempore
792 1923 920 2005 fuerint,
943 1923 1054 1988 titulus
1076 1942 1161 1990 nuno
1183 1932 1233 1992 est
1253 1928 1352 1992 maui-

201 2023 283 2090 Iesto
307 2024 520 2109 documento,
550 2028 603 2111 qui
632 2028 663 2092 iu
693 2027 796 2093 Iuoom
820 2031 869 2093 est
892 2024 998 2091 editus
1028 2045 1049 2088 a
1073 2024 1164 2090 Dim.
1189 2027 1353 2094 Baltazzio

202 2125 330 2204 (Rullet.
354 2128 395 2194 de
425 2149 563 2214 corrcsp.
587 2129 704 2196 hellen.
736 2130 799 2194 voI.
823 2128 850 2191 V
875 2127 984 2208 (1881)
1006 2146 1036 2209 p.
1062 2127 1228 2210 astaco-i·
1274 2129 1354 2198 Sunt

202 2228 363 2313 insculpta
379 2232 480 2296 verba
496 2228 594 2293 ΟΡΟΙ
611 2225 914 2295 ΠΕΡΓΑΜΗΝΩΝ
932 2249 1022 2312 saxo,
1045 2228 1087 2294 ad
1104 2230 1189 2311 quod
1206 2232 1238 2297 in
1253 2251 1352 2316 paen·

201 2329 305 2397 insula
328 2340 533 2415 procurrente
562 2335 594 2400 in
626 2355 714 2402 mare
743 2335 839 2401 situm
866 2333 1036 2418 pervenies
1068 2351 1215 2415 egressus
1237 2357 1258 2400 a
1278 2355 1351 2420 pro·

200 2434 360 2500 urunturio
391 2435 505 2520 Hydro
543 2437 607 2504 duo
647 2436 848 2504 chiliometra
882 2455 993 2502 versus
1034 2433 1200 2503 hibernum
1238 2444 1352 2505 ortum.

200 2534 393 2604 Litterarum
410 2545 516 2606 autem
533 2542 645 2624 forma,
670 2545 703 2605 ut
720 2538 828 2605 docuit
844 2537 935 2605 Dour.
952 2539 1105 2621 Baitazzi,
1129 2541 1214 2605 tertii
1230 2542 1351 2608 saeculi

200 2658 271 2706 asse
294 2641 420 2707 titulum
443 2643 586 2726 arguitur
609 2648 704 2725 atque
736 2642 832 2707 etiam
863 2639 925 2706 hoc
954 2647 1002 2706 est
1031 2641 1351 2710 animadvertendum

199 2749 337 2810 exeunte
354 2744 481 2810 demum
499 2746 628 2812 saeculo
650 2744 743 2810 tertio
760 2742 862 2826 lapidi
885 2742 1008 2810 litteras
1029 2763 1100 2811 esse
1122 2746 1249 2830 incIsas,
1274 2747 1350 2828 quia

198 2845 286 2911 nulio
314 2847 380 2912 alio
410 2854 553 2932 tempore
590 2849 657 2913 iiiio
685 2847 775 2929 regui
811 2843 890 2911 fines
920 2847 1054 2911 extremi
1084 2848 1220 2914 inerunt.
1265 2848 1348 2913 Nam

198 2953 272 3014 aute
303 2948 447 3015 Attalum
476 2969 585 3034 regam
616 2954 684 3014 erat
713 2968 791 3032 ager
820 2948 1036 3031 Pergamenus
1064 2957 1217 3034 augustus
1247 2956 1279 3016 et
1307 2969 1348 3016 ex

197 3048 278 3117 locis
310 3052 382 3116 urbi
411 3052 570 3136 Pergamo
600 3051 714 3118 vicinis
750 3050 925 3117 constabat.
970 3052 1097 3118 Attalns
1130 3057 1253 3136 autem,
1288 3053 1348 3117 etsi

197 3150 419 3238 GallograeoIs
436 3154 572 3221 devictis
587 3152 786 3237 aliquamdiu
802 3153 993 3220 omniafere
1008 3155 1130 3240 oppida
1145 3155 1191 3221 cis
1207 3155 1347 3219 Taurum

197 3261 337 3321 montem
366 3256 502 3341 imperio
531 3276 589 3323 suo
620 3256 800 3323 subiecerat
828 3252 899 3337 (cir.
924 3256 1037 3341 Polyb.
1069 3257 1121 3322 IV.
1155 3259 1205 3322 48.
1235 3261 1347 3341 7sqq.,

196 3355 287 3422 XXI.
311 3361 360 3422 20.
381 3360 410 3441 8,
434 3359 504 3424 Liv.
528 3358 696 3424 XXXVII.
722 3361 771 3424 53.
800 3360 858 3440 13),
882 3365 988 3425 tamen
1019 3361 1109 3427 brevi
1139 3366 1225 3445 post,
1255 3359 1346 3442 quid-

198 3459 276 3543 quId
310 3463 407 3528 armis
439 3468 507 3528 erat
535 3467 679 3545 parturn,
709 3461 750 3527 ab
774 3459 923 3544 Achaeo,
952 3462 1168 3530 Andromaohi
1198 3462 1282 3543 iiiio,
1316 3467 1349 3528 et

195 3561 367 3647 Antiocho,
391 3564 507 3649 Syriae
528 3585 616 3648 rege,
639 3566 783 3648 privatus
807 3570 901 3646 esset,
925 3565 986 3630 nisi
1008 3566 1177 3630 nonnullas
1200 3565 1347 3629 civitates

196 3697 235 3708 -
261 3665 319 3731 sed
343 3664 406 3733 buo
435 3668 517 3734 iufra
545 3668 716 3734 revertitur
745 3667 846 3733 oratio
870 3700 910 3710 -
934 3667 975 3732 ab
1005 3665 1149 3732 hostibus
1179 3685 1346 3749 recupera·

195 3767 304 3833 vissct.
350 3769 432 3835 Tale
454 3790 586 3855 regnum
616 3771 745 3854 longum
776 3789 833 3854 par
862 3777 987 3853 tempus
1016 3769 1148 3851 mansit,
1179 3768 1282 3834 donee
1304 3769 1347 3834 ab

195 3868 337 3936 Eumene
360 3892 438 3956 rege
466 3881 540 3957 post
567 3874 688 3940 bellum
713 3871 937 3939 Antiochinum
967 3893 1050 3939 anuo
1076 3873 1135 3936 188
1164 3891 1192 3935 a.
1217 3869 1291 3936 Chr.
1315 3892 1345 3934 n.

194 3969 274 4038 fines
297 3994 398 4057 usque
422 3976 463 4041 ad
487 3977 628 4041 'Iaurum
658 3981 797 4041 montom
828 3981 901 4042 suut
929 3977 1056 4060 prolati.
1101 3975 1213 4056 Itaque
1236 3973 1345 4057 lapido

197 4073 253 4139 illo
290 4076 451 4160 designati
490 4084 564 4144 sunt
597 4077 677 4143 fines
716 4077 758 4143 ad
799 4077 966 4144 meridiem
1001 4082 1199 4163 spectantes,
1234 4076 1345 4159 quales

195 4183 340 4245 extrema
355 4180 454 4244 Attali
479 4181 565 4264 regis
587 4187 694 4245 aetate
718 4186 817 4262 erant,
842 4199 944 4262 eoquo
967 4179 1103 4262 termini,
1127 4197 1207 4260 qnos
1230 4176 1345 4243 Strabo
