3308 5000
795 391 1007 450 ..54-

325 557 456 624 videtur
468 560 499 639 ¹),
523 557 600 640 quin
623 560 752 622 senatus
772 555 921 622 Achaeos
945 555 1146 639 delegaverit
1167 554 1211 620 ad
1233 555 1271 620 Τ.
1295 554 1477 633 Quinctium

324 659 540 724 Flamininum
569 657 715 740 aliosque
749 657 873 740 legatos
906 657 939 722 in
972 656 1142 723 Graeciam
1176 657 1301 722 missos.
1354 656 1477 724 Eodem

209 791 212 800 v
324 761 408 825 enim
431 767 586 842 tempore,
610 779 673 842 quo
696 761 867 826 concilium
883 757 1077 842 indixerunt,
1102 756 1226 824 Achaei
1248 756 1290 823 ad
1306 757 1344 822 Τ.
1361 756 1477 836 Quinc·

323 863 402 927 tium
432 862 603 941 miserunt,
631 866 666 925 nt
694 861 862 926 consilium
884 861 927 925 ab
950 879 989 926 eo
1017 867 1172 942 peterent
1217 859 1278 926 Hic
1299 867 1408 927 autem
1431 862 1478 928 eis

324 963 434 1047 suasit,
456 968 491 1028 nt
512 967 737 1044 exspectarent
752 964 790 1026 A.
805 961 939 1026 Atilium
963 964 1163 1043 classemque
1178 962 1366 1044 Romanam,
1388 969 1477 1030 ante·

324 1083 420 1146 qnam
443 1063 581 1147 propriis
598 1063 719 1129 viribus
742 1062 949 1145 consiliisque
972 1062 1092 1128 bellum
1115 1063 1323 1146 susciperent.

410 1164 505 1231 Unde
528 1163 664 1229 eflicitur
686 1166 724 1230 A.
741 1165 892 1245 Atilium,
922 1165 978 1246 qui
1000 1169 1075 1229 ante
1097 1164 1135 1228 Τ.
1159 1162 1287 1241 Quincti
1309 1163 1478 1234 decessum

324 1267 357 1330 in
380 1265 551 1332 Graeciam
574 1267 691 1332 missus
714 1273 782 1331 erat
803 1265 872 1339 (cfr.
897 1265 967 1330 Liv.
991 1285 1017 1330 o.
1035 1268 1085 1330 23.
1103 1269 1145 1348 4),
1174 1275 1240 1331 tum
1262 1267 1477 1334 Romanorum

325 1368 461 1435 classem
478 1367 521 1432 ad
537 1366 755 1449 Peloponnesi
771 1386 861 1432 oram
884 1367 948 1432 iam
964 1369 1172 1452 appulsurum
1188 1367 1297 1433 fnisse.
1326 1370 1478 1436 Attamen

323 1469 410 1552 apud
433 1470 563 1534 Livium
585 1468 722 1534 XXXV.
746 1472 796 1534 37.
821 1471 839 1533 3
863 1469 1044 1535 invenimus
1067 1469 1156 1534 illum
1181 1488 1252 1534 cum
1276 1476 1426 1552 quattuor
1447 1478 1480 1537 et

324 1571 439 1652 uiginti
463 1571 746 1652 quinqueremibus
775 1571 817 1635 ad
840 1568 1004 1652 Gytheum
1034 1571 1227 1652 accessisse,
1255 1591 1328 1636 cnm
1351 1572 1478 1638 Nabide

325 1673 390 1737 iam
414 1673 520 1738 occiso
543 1670 795 1755 Philopoemen,
819 1669 1021 1738 Achaeorum
1042 1680 1187 1756 praetor,
1211 1671 1348 1755 Spartae
1371 1675 1478 1740 elabo-

323 1779 425 1854 raret,
463 1779 499 1837 nt
534 1772 809 1840 Lacedaemonios
847 1773 994 1838 societati
1030 1773 1233 1840 Achaeorum
1278 1776 1477 1858 adiungeret.

324 1874 508 1940 Ooneonant
523 1895 594 1941 oum
618 1874 668 1941 his
684 1876 717 1939 in
732 1877 916 1941 universum
933 1873 1078 1940 Zonarae
1094 1878 1194 1941 verba
1210 1876 1266 1941 lX.
1286 1878 1341 1941 19:
1362 1874 1477 1954 (dorst-

325 1976 396 2054 λαν)
416 1960 537 2060 1Αὖλον
560 1973 596 2040 δὲ
620 1968 765 2041 Ἀτίλιον
788 1973 846 2040 ἐπὶ
870 1971 926 2040 τὸν
950 1973 1079 2058 Νάβιν·
1103 1977 1159 2042 καὶ
1182 1969 1279 2053 οὗτος
1300 1977 1360 2059 μὲν
1384 1976 1478 2044 οὐδὲν

326 2075 479 2159 ἔπραξεν,
504 2076 596 2165 ’ἔφθη
618 2073 681 2161 γὰρ
704 2071 721 2140 ὁ
746 2075 858 2159 Νάβις
885 2069 953 2141 ὑπὸ
984 2079 1051 2143 νῶν
1084 2077 1251 2143 Αἰτωλῶν
1274 2082 1423 2168 φθαρεὶς
1445 2078 1481 2158 ἐξ

327 2177 518 2264 ἐπιβουλῆς,
549 2181 605 2243 καὶ
634 2173 652 2262 ἡ
683 2175 822 2264 Σπάρτη
853 2177 922 2266 ἥλω
951 2174 1017 2245 ὑπὸ
1052 2183 1119 2244 τῶν
1141 2173 1293 2262 Ἀχαιῶν,
1327 2185 1382 2267 qui
1405 2204 1479 2251 usus

325 2283 437 2349 Cassio
452 2282 557 2346 Dione
573 2282 737 2357 Liviumli
759 2289 888 2348 secutus
911 2291 969 2348 est.
1007 2281 1074 2349 Sed
1097 2285 1197 2349 verba
1216 2277 1285 2347 ‘nal
1306 2275 1406 2358 οὗτος
1420 2283 1480 2366 μὲν

328 2376 423 2447 οὐδὲν
446 2374 610 2466 ἔπραξεν,
639 2402 710 2448 oum
738 2383 824 2464 apud
848 2383 975 2449 Livium
997 2404 1061 2450 non
1092 2391 1234 2470 exstent,
1266 2393 1381 2469 postea
1408 2394 1481 2453 sunt

322 2484 443 2566 addita,
467 2484 615 2548 nimirum
639 2482 724 2565 quod
748 2503 768 2547 a
790 2484 885 2550 Livio
908 2483 1067 2552 derebus
1090 2486 1132 2552 ab
1154 2487 1255 2553 Atilio
1270 2488 1479 2572 Romanaque

323 2588 426 2652 classe
441 2585 553 2668 gestis
583 2583 663 2650 nihil
694 2591 763 2650 erat
791 2586 968 2668 proditum:
998 2588 1108 2670 itaque
1135 2588 1321 2656 omittenda.
1366 2591 1479 2673 Neque

322 2689 407 2753 enim
431 2687 544 2752 chivi
567 2686 676 2753 verbis
698 2689 905 2772 consequitur
932 2695 1000 2753 tum
1023 2690 1064 2754 ab
1087 2690 1166 2757 urhe
1189 2693 1227 2756 A.
1251 2691 1385 2759 Atilium
1408 2712 1479 2758 cum

323 2790 460 2856 navibus
489 2789 665 2855 accessisse
699 2787 741 2853 ad
771 2787 951 2874 Gytheum,
985 2810 1057 2856 cnm
1079 2791 1314 2876 Philopoemen
1344 2792 1481 2876 Spartae

324 2911 397 2957 cnm
415 2891 679 2957 Lacedaemoniis
703 2890 744 2956 de
767 2894 921 2959 societate
944 2894 1055 2977 egerit,
1079 2893 1137 2960 sed
1154 2895 1266 2962 Liuius
1288 2896 1385 2961 modo
1401 2895 1481 2962 dicit

323 2996 362 3059 Α.
378 2994 528 3074 Atilium,
551 2991 600 3057 ad
624 2992 731 3058 idem
753 2993 860 3060 forte
889 3004 1047 3079 tempus
1069 2994 1231 3080 Gytheum
1254 2999 1393 3082 venisse,
1416 3017 1480 3082 quo

324 3095 559 3178 Philopoemen
582 3094 856 3164 Lacedaemonios
880 3097 1027 3162 societati
1043 3097 1207 3164 Achaicae
1228 3097 1405 3184 adiungere
1428 3121 1481 3168 co·

322 3202 415 3262 natus
439 3198 489 3262 sit.
534 3192 659 3271 Quibus
688 3196 795 3262 verbis
825 3199 985 3263 sententia
1006 3199 1152 3265 subiecta
1175 3206 1224 3266 est
1246 3198 1342 3267 haec:
1372 3202 1480 3269 Philo·

323 3316 462 3382 poemen
495 3316 534 3361 eo
565 3297 693 3364 lacilius
721 3317 741 3362 a
770 3298 1036 3364 Lacedaemoniis
1065 3303 1253 3368 societatem
1283 3304 1479 3388 impetravit,

323 3400 410 3483 quod
443 3407 588 3482 praetor,
623 3399 677 3481 qui
708 3391 769 3463 ‘ad
800 3399 904 3465 idem
938 3402 1044 3466 forte
1078 3411 1235 3486 tempus
1268 3407 1405 3472 accessit
1437 3406 1479 3471 ad

323 3491 493 3585 Gytheum’
526 3501 674 3566 omnihus
703 3501 804 3583 copiis
833 3501 1005 3585 aGythec
1031 3506 1207 3572 auxiliatus
1235 3505 1480 3590 Philopoemeni

412 3791 435 3853 1)
454 3785 502 3840 oin.
523 3785 554 3840 F.
574 3783 701 3841 Rnehl:
723 3782 791 3839 ‘Der
813 3786 895 3839 letzte
914 3786 1016 3857 Kampl
1031 3787 1078 3842 der
1095 3789 1220 3844 Achaeer
1237 3806 1322 3858 gagen
1339 3783 1434 3846 Nabis'
1452 3791 1481 3844 in

323 3870 492 3925 Fleckeiseni
509 3868 649 3925 annalium
667 3870 718 3924 vol.
738 3869 864 3924 CXXVII
883 3875 969 3937 (1883)
988 3889 1014 3940 p.
1035 3875 1075 3926 31.

410 3958 435 4018 2)
454 3955 503 4010 eir.
516 3953 560 4008 W.
571 3954 606 4010 A.
620 3953 787 4009 Schmidt:
803 3949 906 4011 ‘Ueher
918 3956 961 4010 die
975 3957 1087 4024 Qnellen
1107 3960 1154 4013 des
1166 3954 1296 4016 Zonaras’
1311 3963 1338 4016 in
1351 3961 1479 4018 Zimmer·

322 4040 414 4094 manni
431 4040 575 4095 annalibus
594 4039 755 4109 antiquariis
779 4039 844 4094 anni
865 4044 931 4096 18³9
948 4058 975 4110 p¹
988 4046 1037 4097 238
1051 4059 1110 4112 sqq,
1131 4047 1159 4099 et
1170 4044 1198 4098 ln
1210 4045 1335 4100 Zonaras
1353 4047 1479 4103 editionis

323 4121 515 4178 Dindorlianee
533 4125 584 4180 vol.
602 4123 649 4181 Vl.
668 4129 763 4192 11815).
