3344 5008
656 375 846 464 43..

180 572 499 638 commentationibus
524 572 712 638 academiae
735 572 924 637 Borussicae
947 573 1063 649 (1884).
1101 569 1164 648 Qui
1187 591 1332 636 nummos

152 717 155 721 -
179 671 397 756 Pergamenos
413 681 582 758 postquam
598 673 781 758 percensuit
804 681 836 740 et
851 672 1011 756 quomodo
1028 671 1233 738 indicandum
1250 679 1335 740 esset

181 775 227 840 de
246 775 310 842 iliis
333 777 458 861 docuit,
481 798 565 844 nunc
588 778 656 844 eius
679 777 792 842 merito
816 775 1039 842 difficillimam
1062 775 1151 840 illam
1174 777 1333 858 quaestio·

179 897 254 942 nem
284 881 540 946 numismaticam
569 877 771 964 profligatam
803 883 899 959 atque
929 879 1025 943 etiam
1052 877 1093 942 ad
1125 878 1252 955 exitum.
1277 877 1333 942 ad·

181 979 310 1045 ductam
334 1001 405 1048 esse
428 1001 523 1047 nemo
545 981 742 1046 iniitiabitur.
781 981 930 1045 Attamen
954 999 1026 1044 oum
1049 978 1102 1044 hic
1125 979 1192 1043 illic
1207 977 1337 1044 Imiioof

184 1101 246 1146 uon
270 1101 401 1165 prorsus
424 1102 476 1147 me
500 1082 619 1148 habeat
642 1083 885 1163 assentientem,
909 1083 973 1146 iam
996 1082 1155 1164 aperiam,
1179 1087 1335 1163 quatenus

185 1183 226 1248 de
249 1186 388 1250 nummis
412 1185 621 1268 Pergamenis
639 1184 781 1249 Eumene
803 1202 880 1265 rege
903 1185 986 1249 cusis
1009 1185 1051 1250 ab
1074 1203 1113 1250 eo
1136 1181 1334 1248 dissentioni.

265 1287 302 1350 In
331 1287 443 1370 primis
475 1307 552 1352 vero
583 1286 637 1352 hic
665 1284 743 1350 mihi
773 1285 932 1368 agendum
956 1293 1004 1352 est
1027 1286 1067 1351 de
1097 1284 1334 1350 tetradrachmo
1372 1353 1376 1360 ,

183 1393 337 1469 argenteo
361 1388 429 1468 illo,
453 1389 504 1454 oui
527 1389 587 1453 soti
603 1389 755 1453 Eumenis
771 1387 812 1452 11.
837 1388 922 1470 regis
946 1393 1043 1472 eaput
1065 1394 1114 1453 est
1137 1388 1334 1470 impressum.

181 1487 244 1566 Qui
267 1511 413 1555 nummus
430 1492 450 1567 ¹)
474 1491 514 1555 ab
531 1488 688 1555 lmhoofio
702 1510 733 1572 p.
749 1491 786 1552 13
810 1489 1050 1554 accuratissime
1074 1489 1253 1572 descriptus
1277 1497 1336 1571 est,

182 1611 277 1673 quern
310 1600 345 1656 ut
378 1593 550 1675 inspiciant
581 1593 726 1673 legentes
757 1611 880 1674 precor.
926 1590 1020 1656 Head
1048 1611 1234 1674 percussum
1265 1611 1335 1658 esse

184 1693 454 1760 tetradrachmum
477 1695 509 1758 in
534 1695 639 1759 insula
653 1693 758 1776 Syro
779 1693 873 1758 nobis
897 1692 1091 1776 persuadere
1115 1693 1225 1778 voluit,
1249 1695 1334 1778 quod

186 1813 261 1877 pars
284 1796 353 1861 eins
370 1815 485 1862 aversa
500 1796 616 1862 similis
632 1803 717 1861 esset
733 1795 806 1880 Syri
822 1795 1079 1879 tetradrachmis‚
1103 1796 1219 1879 quibus
1236 1798 1335 1862 verba

185 1894 307 1960 ΘΕΩΝ
323 1893 532 1986 ΚᾼΒΕΙΡΩΝ
546 1893 706 1958 ΣΥΡΙΩΝ
724 1899 877 1981 inscripta
892 1906 1008 1982 essent,
1025 1918 1161 1982 eumque
1176 1898 1305 1965 Imhoof
1312 1901 1335 1976 ²)

185 2006 233 2066 est
256 2009 392 2083 secutus,
416 1999 470 2082 qui
494 2017 627 2081 perrara
651 2019 721 2065 esse
743 2000 800 2065 illa
822 1999 896 2082 Syri
919 2000 1157 2067 tetrsdraohma
1179 2002 1242 2066 iam
1265 2003 1341 2084 ipsc¹

185 2102 347 2186 professus
370 2109 427 2168 est.

271 2203 337 2271 Sed
361 2203 422 2269 hoo
445 2223 541 2268 unum
564 2207 685 2270 certum
710 2223 780 2269 esse
803 2220 990 2286 persuasum
1019 2204 1123 2271 habeo
1148 2215 1239 2272 extra
1261 2207 1336 2272 Per-

183 2325 391 2390 gamenorum
419 2325 552 2388 regnum
582 2325 653 2372 esse
682 2306 800 2371 iactum
830 2307 1104 2390 nummumque
1133 2309 1217 2374 intra
1245 2311 1335 2392 regni

183 2410 262 2474 fines
289 2407 408 2491 ubique
438 2405 676 2474 tetradraohma
697 2408 906 2490 signabantur
928 2409 1035 2492 capite
1058 2408 1127 2473 divi
1150 2410 1335 2494 Philetaeri,

186 2513 241 2594 qui
264 2511 453 2578 condiderat
474 2529 617 2593 regnum,
641 2529 745 2593 neque
761 2530 901 2593 unquam
915 2513 1022 2594 eapite
1043 2513 1122 2594 eius,
1146 2514 1201 2595 qui
1224 2533 1335 2596 regna-

188 2614 253 2680 bat.
298 2612 392 2691 Quod
423 2615 483 2679 etsi
512 2612 555 2678 ad
584 2611 702 2696 Syrum
736 2613 874 2678 insulam
909 2613 1063 2696 quadrat,
1098 2635 1194 2697 quam
1226 2635 1335 2698 regum

186 2716 457 2798 Pergamenorum
479 2716 614 2798 imperio
631 2734 793 2798 nonquam
810 2715 987 2780 subiectam
1007 2716 1106 2782 fuisse
1129 2719 1210 2782 inter
1227 2737 1336 2782 omnes

188 2826 321 2902 constat,
345 2826 452 2882 tamen
475 2817 599 2883 duabus
623 2817 663 2882 de
687 2817 792 2881 causis
814 2819 1014 2900 comprobari
1036 2819 1147 2901 nequit
1169 2839 1210 2883 ex
1232 2819 1338 2884 insula

186 2919 269 3004 Syro
281 2919 550 2986 tetradrachmum
563 2917 643 2984 illud
659 2938 730 2984 esse
746 2919 923 2984 oriundum.
953 2920 1036 2985 Nam
1050 2937 1120 2985 oum
1132 2920 1283 2986 Eumenis
1295 2920 1336 2984 11.

185 3023 271 3106 regis
295 3029 446 3104 caputet
469 3023 568 3087 verba
592 3015 818 3083 ΒΑΣΙΛΕΩΣ
843 3017 1060 3084 ΕΥΜΕΝΟΥ
1084 3023 1115 3086 in
1139 3042 1268 3087 nummo
1291 3023 1336 3086 in-

186 3124 365 3206 veniantur,
388 3125 479 3189 illum
502 3142 573 3188 esse
596 3143 706 3190 cusum
731 3124 764 3187 in
783 3123 936 3190 Eumenis
959 3124 1111 3190 honorem
1135 3123 1337 3189 manifestum

186 3231 245 3292 est.
282 3224 355 3304 Qua
376 3227 409 3290 in
430 3247 465 3292 re
488 3224 605 3310 Syrum
628 3227 765 3291 insulam
790 3226 918 3292 vinculo
942 3227 1081 3309 quodam
1106 3247 1176 3293 oum
1193 3227 1336 3292 Eumene

187 3328 389 3394 coniunctam
405 3329 504 3396 fuisse
526 3329 665 3412 ponitur,
688 3328 774 3410 quod
790 3348 894 3412 nequo
910 3335 959 3395 est
973 3329 1124 3394 traditum
1147 3347 1251 3410 neque
1268 3329 1336 3392 veri

186 3450 264 3514 prae
298 3449 333 3496 se
366 3431 428 3496 sert
457 3430 709 3496 similitudinem.
753 3429 869 3496 Nullus
896 3437 1065 3514 praeterea
1094 3430 1235 3496 omnium
1263 3430 1337 3514 Syri

186 3553 352 3599 nummum
374 3533 537 3598 notatione
560 3533 633 3615 loci,
663 3552 726 3615 quo
750 3552 919 3615 percussus
943 3540 1006 3616 est,
1039 3542 1125 3599 caret
1146 3551 1337 3615 semperque

187 3635 293 3702 insula
322 3643 370 3702 est
398 3633 568 3716 designata
598 3641 654 3700 aut
681 3635 841 3701 vocabulo
864 3629 1043 3718 ΣΥΡΙΩΝ,
1065 3642 1100 3699 ut
1121 3637 1155 3700 in
1177 3634 1337 3700 nonnullis

277 3825 300 3885 t)
319 3818 461 3888 Depiotnm
480 3828 521 3871 osu
538 3818 767 3872 tetradrschmum
792 3818 865 3887 apud
884 3818 1062 3872 Headium:
1084 3819 1119 3870 ‘A
1140 3817 1226 3871 Guide
1244 3823 1271 3871 to
1291 3819 1337 3871 the

188 3904 269 3960 Coins
288 3905 318 3959 ot'
333 3905 380 3958 the
392 3896 532 3957 Ancients'
549 3904 606 3956 tab.
620 3907 662 3956 48.
682 3909 705 3967 ’1,
723 3903 945 3957 Imhoofium:
965 3905 982 3957 1.
996 3904 1012 3956 1.
1032 3903 1087 3955 tub.
1102 3903 1149 3956 111.
1173 3907 1201 3957 18
1221 3906 1248 3956 et
1265 3903 1337 3970 apud

188 3991 302 4046 eundern
311 3985 527 4058 ‘Pertraitkdpic
538 3987 587 4042 auf
598 3989 708 4042 antiken
722 3988 839 4042 Munzen
858 3988 1034 4042 hellenischer
1053 3990 1107 4042 und
1120 3988 1334 4042 hellenistischer

187 4069 307 4132 Volker?
343 4076 416 4144 Lips.
438 4077 503 4128 1885
522 4074 577 4127 tab.
591 4073 637 4126 lV.
659 4077 697 4126 15.

276 4167 301 4225 2)
319 4162 367 4216 1.1.
388 4169 416 4212 ct
429 4152 649 4226 ‘Pertraitiropfe'
668 4176 694 4226 p.
711 4164 750 4212 32.

1156 4247 1183 4295 l*
