3308 5000
809 388 1023 450 ,62-

339 553 414 618 Livi
430 554 536 620 inesse
551 550 679 622 videtur
694 575 720 621 c.
738 558 788 619 27.
807 560 862 618 11:
885 557 1065 624 concilio
1088 559 1232 624 eodem
1255 567 1294 626 et
1313 561 1491 631 Achaeis

339 662 378 720 et
399 656 529 722 sociis
550 655 722 739 indicto,
745 657 784 722 iu
807 676 884 740 quo
907 665 945 722 et
969 657 1229 742 Epirotarum
1252 669 1291 729 et
1311 665 1490 732 Acarna·

337 777 426 823 unm
456 759 570 825 fuere
598 759 816 842 principes.
861 757 999 836 Quinam
1021 761 1069 825 illi
1091 762 1224 844 luerint,
1253 785 1337 832 unnc
1359 767 1490 850 quidem

337 863 370 926 iu
393 861 501 928 medio
523 861 768 945 relinquendum
790 868 854 942 est,
883 860 941 926 sed
963 863 1082 943 nescio,
1105 883 1146 929 an
1169 866 1290 948 optimo
1312 868 1382 933 iure
1404 871 1490 936 coni·

336 965 458 1031 ciamus
481 965 656 1030 Eumenem
685 983 726 1029 ex
755 982 888 1029 numero
917 981 1026 1028 eorum
1058 965 1173 1047 fuisse,
1208 969 1264 1050 qui
1286 969 1489 1037 Achaeorum

334 1067 453 1133 fuerint
481 1068 571 1134 socii.
616 1066 687 1145 Quo
716 1067 748 1130 iu
778 1065 915 1130 coneilio
936 1063 1076 1132 Achaeis
1109 1068 1232 1152 placuit
1259 1071 1302 1136 ad
1326 1072 1488 1140 Lacedae·

335 1188 462 1234 monem
486 1169 662 1235 exercitum
686 1167 870 1252 admovere,
893 1174 929 1232 ut
949 1169 1055 1235 subito
1078 1171 1200 1254 impetu
1214 1171 1322 1238 Nabiu
1337 1182 1489 1258 cogerent

334 1271 453 1338 omissa
475 1270 596 1355 Gythei
619 1270 787 1336 obsidione
809 1269 957 1337 omuibus
986 1272 1088 1354 copiis
1111 1273 1236 1356 patriae
1265 1276 1336 1341 urbi
1364 1277 1488 1344 auxilio

334 1375 453 1440 venire.
499 1373 611 1457 ltaque
640 1381 675 1439 ut
704 1372 766 1438 hoc
787 1373 955 1439 consilium
979 1381 1224 1457 exsequeretur,
1252 1379 1416 1460 profectus
1444 1381 1487 1446 ad

333 1477 455 1562 Garyas
477 1477 613 1560 primum
635 1476 668 1540 iu
691 1474 831 1542 hostium
854 1482 939 1540 terra
960 1477 1067 1561 posuit
1083 1483 1197 1542 castra
1236 1477 1302 1544 Sed
1324 1480 1413 1547 iuani
1428 1501 1486 1568 spe

332 1579 395 1645 sibi
417 1579 652 1658 blandiebatur,
676 1597 749 1643 uam
773 1596 813 1642 eo
828 1577 900 1660 ipso
922 1578 976 1642 die
991 1578 1093 1644 Nabis
1108 1578 1270 1662 Gytheum
1286 1586 1486 1669 expugnavit

331 1700 437 1765 neque
460 1681 713 1763 impediebatur,
737 1679 905 1762 quominus
934 1681 1047 1745 relicto
1075 1682 1154 1747 satis
1182 1682 1292 1750 valido
1320 1687 1484 1767 praesidio

331 1787 401 1868 ipse
431 1803 501 1850 curu
533 1784 676 1850 exercitu
699 1780 974 1848 Lacedaemonem
1004 1785 1128 1866 maguis
1157 1785 1324 1852 itineribus
1352 1795 1484 1871 peteret

330 1889 437 1970 Atque
466 1889 530 1952 iam
558 1893 684 1969 tempus
713 1886 888 1950 maximum
917 1892 1000 1966 erat,
1034 1891 1070 1949 ut
1101 1886 1223 1970 oppido
1252 1907 1346 1971 opem
1378 1891 1483 1975 ferret,

330 2010 402 2056 oum
425 1987 667 2073 Philopoemen,
691 1987 746 2070 qui
768 1986 910 2051 noudum
931 1994 1102 2070 acceperat
1122 1988 1266 2054 nuntium
1290 1991 1332 2058 de
1353 1992 1482 2077 Gytheo

328 2099 529 2176 expugnato,
562 2091 595 2156 iu
624 2091 738 2156 itinere
764 2107 954 2171 progressus
983 2088 1025 2154 ad
1058 2089 1318 2157 Barnosthenem·
1342 2103 1480 2162 montem

327 2193 441 2260 decem
456 2200 578 2259 tantum
593 2192 684 2258 milia
705 2209 857 2276 passuum
878 2211 900 2256 a
914 2191 1159 2260 Lacedaemone
1174 2194 1381 2262 consedisset
1414 2198 1483 2264 Nec

327 2305 435 2362 tamen
468 2297 569 2361 Nabis
603 2297 707 2379 ipsam
741 2293 1017 2359 Lacedaemonem
1058 2295 1201 2362 exercitu
1233 2295 1389 2379 firmavit,
1423 2301 1481 2367 sed

327 2405 456 2482 praeter
477 2399 588 2463 urbem
611 2403 782 2480 postquam
798 2395 975 2461 exercitum
991 2395 1093 2479 duxit,
1117 2396 1232 2481 Pyrrhi
1255 2417 1338 2482 quae
1362 2411 1479 2470 vocant

327 2511 432 2567 eastra
455 2499 641 2584 occupavit,
671 2517 735 2581 quo
757 2496 993 2580 Philopoemen
1023 2499 1099 2581 quiu
1129 2507 1272 2567 tenturus
1302 2513 1387 2569 esset
1413 2525 1477 2572 non

326 2602 495 2669 dubitabat
518 2601 585 2675 (cfr.
602 2601 671 2665 biv.
688 2621 716 2666 c.
732 2601 782 2664 27.
802 2601 862 2675 14).
907 2598 974 2665 Sed
997 2620 1191 2685 quamquam
1213 2603 1317 2685 primo
1333 2604 1478 2674 Achaeo·

323 2726 394 2770 rum
417 2704 538 2789 agmini
560 2704 744 2787 inopinatus
767 2702 905 2783 obstitit,
935 2709 1040 2767 tamen
1064 2703 1310 2788 Philopoemeni
1332 2710 1479 2788 quamvis

324 2809 390 2874 acri
413 2807 536 2891 proelio
560 2807 702 2889 contigit,
727 2811 760 2869 ut
782 2805 910 2886 tyranni
934 2805 1052 2872 milites
1075 2807 1107 2871 in
1129 2806 1239 2889 fugam
1262 2817 1477 2878 converteret:

323 2919 393 2977 erat
423 2911 507 2976 enim
538 2910 570 2974 in
599 2907 747 2975 ducendo
769 2907 898 2990 agmine
927 2908 1069 2991 locisque
1101 2907 1268 2992 capiendis
1296 2910 1478 2976 sollertissi-

322 3033 392 3079 mus
415 3015 470 3094 ita,
494 3011 582 3075 utin
605 3012 692 3077 omui
715 3029 750 3075 re
771 3009 914 3092 gerenda
936 3010 1134 3094 consilioque
1150 3009 1308 3095 capiendo
1331 3019 1476 3078 constan-

322 3117 399 3180 tiam
423 3121 566 3180 servaret
589 3112 655 3186 (cfr.
672 3113 743 3178 Liv.
759 3132 785 3177 c.
803 3113 868 3193 28).
906 3111 977 3190 Quo
999 3114 1119 3178 factum
1142 3119 1200 3194 est,
1224 3117 1258 3178 ut
1280 3113 1384 3180 Nabis
1405 3135 1475 3180 curn

320 3217 433 3301 paucis
457 3214 619 3294 militibus,
643 3215 698 3296 qui
722 3214 789 3278 vivi
813 3235 831 3279 e
853 3234 963 3299 pugna
985 3222 1206 3298 excesserant,
1230 3215 1476 3282 Lacedaemone

322 3317 538 3385 includeretur
560 3335 580 3378 a
603 3313 866 3399 Philopoemene,
896 3317 950 3400 qui
971 3309 1182 3401 ‘insequentis
1206 3318 1276 3384 dies
1298 3337 1400 3403 prope
1422 3319 1474 3384 tri·

320 3421 410 3502 ginta
440 3415 604 3483 vastandis
636 3416 723 3500 agris
753 3416 914 3482 Laconum
943 3419 1138 3503 absumpsit,
1168 3418 1409 3502 debilitatisque
1436 3439 1476 3486 ae

319 3541 422 3607 prope
444 3519 552 3585 fractis
576 3519 702 3601 tyranni
726 3519 849 3586 viribus
873 3520 1001 3585 domum
1025 3523 1136 3604 rediit,
1166 3521 1378 3605 aequantibus
1401 3539 1474 3586 eum

319 3625 425 3708 gloria
440 3642 545 3688 rerum
560 3621 700 3688 Achaeis
723 3622 907 3706 imperatori
924 3623 1078 3706 Romano,
1103 3632 1135 3690 et
1150 3624 1237 3707 qnod
1251 3624 1295 3690 ad
1310 3623 1474 3690 Laeouurn

320 3726 441 3792 bellum
463 3725 621 3806 attineret,
644 3723 900 3807 praeferentibus
923 3719 1027 3792 stiam'
1056 3727 1138 3806 (Lis.
1155 3747 1182 3793 c.
1200 3729 1249 3791 30.
1270 3727 1329 3800 12).

403 3826 526 3905 Quibus
550 3826 656 3892 verbis
679 3825 790 3892 Livius
813 3827 908 3892 finem
932 3826 1084 3912 imposuit
1106 3831 1135 3895 ei
1164 3828 1355 3895 narrationis
1378 3826 1472 3911 parti,

319 3950 383 4013 qua
405 3930 524 3996 bellum
547 3947 617 3994 eum
635 3927 761 3994 Nabide
785 3936 910 4010 gestum
934 3933 1141 4015 pertractavit
1157 3950 1198 3996 ue
1220 3930 1377 3995 tantillum
1401 3929 1471 4012 qni·

319 4032 392 4096 dem
409 4031 553 4096 adiciens
569 4029 610 4094 de
625 4029 757 4096 indutiis
772 4039 828 4096 aut
842 4032 934 4116 pacis
950 4033 1086 4115 legibus,
1110 4035 1225 4116 quibus
1241 4032 1361 4099 bellum
1386 4050 1470 4097 com·

318 4134 456 4217 positum
479 4151 549 4198 esse
572 4134 786 4200 necessarium
812 4134 946 4200 videtur.
990 4134 1058 4199 Iam
1083 4153 1159 4200 vero
1183 4155 1224 4199 ex
1248 4133 1377 4200 Ruehlii
1400 4153 1471 4201 sen·
