3308 5000
806 378 1017 438 ..50-

337 532 533 620 ἆκροθίνιον
554 531 685 627 Ἀθηνᾷ
711 540 898 628 Νικηφόρῳ
924 545 1147 626 cognoscimus
1168 544 1346 610 Eumenem
1375 564 1485 629 regem

335 645 451 710 iterum
474 663 545 710 cum
568 645 711 710 exercitu
734 645 767 709 in
783 644 954 711 Graeciam
975 647 1141 712 traiecisse
1154 646 1197 712 ad
1214 646 1398 714 bellandum
1413 667 1485 714 unm

333 743 462 810 Nabide
491 750 523 811 et
543 745 720 827 Antiocho,
750 745 866 829 Syriae
894 766 980 829 rege.
1025 747 1108 812 Nam
1138 747 1220 814 haec
1248 755 1297 814 est
1325 749 1483 830 epigram·

333 848 428 912 matis
450 847 625 912 sententia:
648 843 767 913 inilites
789 868 862 914 cum
876 848 1020 914 Eumene
1042 851 1155 916 iterum
1177 849 1315 915 navibus
1337 851 1369 914 in
1384 851 1483 916 Grae·

332 948 415 1013 ciam
437 948 522 1014 vecti
545 949 699 1030 praedam
723 949 755 1014 in
778 949 864 1016 helio
886 949 1024 1016 Nabidis
1047 958 1079 1016 et
1094 950 1244 1016 Antiochi
1267 958 1404 1034 captam,
1427 952 1483 1034 qui

331 1055 442 1116 contra
456 1049 597 1117 Graecos
620 1051 755 1135 profecti
778 1057 878 1134 erant,
900 1050 1048 1117 Athenae
1069 1051 1263 1136 nicephorae
1285 1061 1482 1120 consecrant.

331 1151 380 1216 Ea
401 1159 508 1217 antem
531 1153 582 1218 vis
605 1158 654 1216 est
675 1152 821 1218 subiecta
842 1155 1074 1237 praepositioni
1090 1148 1134 1235 ἐκ,
1157 1160 1192 1218 ut
1206 1154 1374 1237 significet,
1397 1154 1482 1221 unde

328 1254 452 1337 praeda
480 1255 567 1320 facta
596 1255 652 1338 sit,
686 1255 776 1320 velut
804 1257 837 1320 in
864 1255 938 1320 aliis
974 1255 1074 1322 titulis
1103 1255 1312 1338 Pergamenis
1340 1258 1482 1342 exempli

329 1355 434 1437 gratia
445 1356 478 1420 in
490 1355 583 1421 titulo
594 1375 645 1421 no.
658 1358 699 1420 60
715 1376 746 1439 p.
758 1360 798 1420 47
814 1356 902 1439 apud
914 1356 1158 1423 Fraenkelinm:
1181 1354 1216 1421 ἐκ
1230 1359 1290 1444 τῆς
1305 1362 1482 1438 στρατείας

330 1453 504 1542 λαφύρων,
527 1453 567 1543 ἣν
597 1455 840 1542 ἐστρατεύσατο
870 1453 955 1539 μετὰ
982 1452 1151 1541 Ῥωμαίων
1183 1461 1239 1524 καὶ
1271 1462 1338 1525 ταῖν
1372 1453 1482 1524 ditata

328 1555 508 1640 συμμάχων
532 1555 589 1623 ἐπὶ
612 1557 724 1642 Νάβιν
745 1557 804 1624 τὸν
827 1559 996 1638 Λάκωνα,
1019 1561 1167 1627 similiter
1188 1582 1228 1627 au
1249 1562 1481 1647 praepositioni

328 1653 398 1726 ἀπὸ
417 1662 507 1726 velut
522 1662 554 1725 in
569 1662 662 1728 titulo
676 1682 728 1729 no.
744 1665 784 1728 58
800 1683 831 1747 p.
845 1665 900 1726 46:
918 1653 987 1725 ἀπὸ
1003 1663 1063 1744 τῆς
1079 1659 1172 1742 παρὰ
1187 1659 1247 1726 τὸν
1257 1653 1429 1744 Ἅρπασον
1445 1664 1480 1747 ἐγ

327 1767 440 1849 Καρίᾳ
462 1759 549 1844 πρὸς
564 1754 735 1843 Ἀντίοχον
750 1762 866 1848 μάχης,
890 1766 996 1830 11552
1012 1784 1043 1846 p.
1056 1770 1097 1828 44
1120 1757 1188 1829 ἀπὸ
1205 1771 1265 1849 τῆς
1279 1762 1367 1845 πρὸς
1379 1813 1386 1827 .
1399 1817 1407 1832 .

326 1866 382 1929 καὶ
403 1862 605 1940 Μακεδόνας
627 1861 721 1948 παρὰ
750 1915 777 1931 ..
792 1916 821 1930 ..
844 1868 1043 1946 ναυμαχίας,
1072 1887 1123 1932 nc.
1148 1871 1188 1934 53
1211 1890 1242 1952 p.
1260 1873 1301 1931 44
1324 1860 1393 1934 ἀπὸ
1417 1869 1476 1952 τῆς

325 1963 412 2050 πρὸς
438 1966 697 2050 Τολιστοαγίοος
720 1966 815 2056 παρὰ
932 1964 1040 2052 μάχης
1062 1970 1209 2052 aliisque.

410 2070 472 2136 Hic
495 2069 631 2136 fortasse
652 2089 807 2153 quaerere
829 2072 914 2152 licet,
937 2088 1021 2152 quae
1038 2069 1189 2138 Eumenis
1210 2074 1297 2155 regis
1312 2074 1478 2158 expeditio

326 2174 358 2238 in
384 2171 555 2237 Graeciam
577 2172 619 2237 sit
641 2172 870 2256 intellegenda.
915 2171 967 2238 Ad
998 2172 1118 2238 beilum
1148 2194 1220 2240 oum
1240 2174 1367 2240 Nabide
1394 2195 1478 2242 anno

326 2277 386 2339 195
409 2295 438 2338 a.
455 2272 529 2339 (ihr.
545 2293 576 2338 n.
599 2281 724 2357 gesmm
740 2274 841 2340 verba
863 2273 895 2337 οἱ
917 2271 1002 2356 μετὰ
1016 2274 1182 2358 βασιλέως
1199 2266 1366 2357 Εὐμένους
1381 2269 1479 2341 πλού-

325 2398 441 2450 σαντες
463 2371 501 2439 τὸ
528 2371 681 2456 δεύτερον
704 2372 752 2450 εἷς
775 2373 834 2460 τὴν
853 2369 991 2441 Ἑλλάδα
1015 2379 1219 2456 στρατιῶται
1242 2374 1276 2441 ἐν
1297 2379 1356 2442 τοῦ
1380 2378 1477 2443 πολέ-

324 2502 389 2558 μου
412 2479 470 2541 τοῦ
494 2473 581 2559 πρὸς
597 2473 707 2558 Νάβιν
730 2477 786 2541 καὶ
816 2469 978 2558 Ἀντίοχον
1002 2480 1112 2545 referri
1128 2487 1299 2563 nequeunt,
1322 2481 1400 2563 quia
1422 2501 1476 2547 vo·

324 2579 438 2646 cabulo
463 2575 615 2659 δεύτερον
637 2581 847 2664 praeponitur
874 2583 976 2647 altera
998 2582 1151 2647 Eumenis
1174 2583 1207 2646 in
1230 2581 1401 2648 Graeciam
1423 2603 1476 2648 na·

323 2682 462 2764 rigatio,
491 2700 586 2763 quam
616 2701 700 2747 anno
733 2686 793 2747 195
822 2702 851 2747 a.
875 2682 949 2748 Chr.
979 2705 1010 2748 n.
1039 2683 1083 2748 ad
1113 2683 1234 2750 bellum
1262 2685 1476 2751 Romanorum

324 2801 497 2865 eorumque
520 2781 755 2849 foederatorum
778 2784 934 2851 adversus
957 2785 1064 2850 Nabin
1087 2785 1203 2851 iactam
1235 2806 1306 2852 esse
1328 2795 1475 2854 auctores

322 2897 395 2953 sunt
415 2907 521 2952 rerum
544 2885 725 2968 scriptores.
770 2887 884 2969 ltaque
912 2907 953 2954 ex
983 2887 1043 2954 bac
1069 2889 1277 2971 inscriptione
1301 2891 1475 2956 Eumenem

322 2997 395 3071 post
422 3008 539 3053 annum
573 2989 630 3050 195
658 3008 686 3052 a.
711 2987 785 3053 (ihr.
810 3009 840 3053 n.
871 2990 983 3056 iterum
1018 2990 1062 3056 ad
1089 2990 1209 3056 beilum
1239 3011 1310 3058 cum
1340 2997 1474 3075 tyranno

321 3088 497 3170 gerendum
526 3090 559 3153 in
587 3089 756 3156 Graeciam
784 3091 956 3174 navigasse
990 3101 1038 3158 est
1071 3094 1101 3156 in
1132 3099 1262 3178 aperto,
1292 3093 1378 3177 quod
1405 3091 1474 3158 tieri

321 3209 383 3255 non
413 3191 556 3273 potuisse
590 3193 650 3256 nisi
684 3212 768 3257 anno
801 3195 861 3255 192
891 3214 919 3257 a.
947 3192 1021 3259 (ihr.
1046 3215 1075 3258 n.
1106 3197 1285 3262 rectissime
1314 3194 1474 3260 Fraenkel

322 3292 355 3367 (1.
380 3291 399 3355 1.
423 3290 465 3356 ad
495 3293 543 3356 tit.
566 3313 616 3357 no.
640 3295 692 3366 62)
726 3292 966 3360 demonstravit.
1012 3295 1083 3362 Ηοο
1118 3299 1205 3364 enim
1231 3304 1375 3382 tempore
1408 3317 1474 3381 pax

321 3413 393 3459 cum
416 3393 569 3458 Romanis
593 3413 767 3478 eorumque
793 3397 889 3462 sociis
911 3417 995 3462 auno
1022 3402 1081 3464 195
1105 3421 1134 3464 a.
1150 3400 1225 3466 Chr.
1249 3421 1278 3465 n.
1303 3400 1474 3466 constituta

319 3517 339 3560 a
362 3494 490 3562 Nabide
512 3501 647 3580 tyranno
670 3495 830 3581 dirempta
852 3511 901 3563 est
923 3500 990 3573 (cfr.
1008 3500 1078 3566 Liv.
1095 3501 1231 3569 XXXV.
1255 3503 1305 3578 12)
1328 3510 1360 3566 et
1383 3501 1472 3565 illum

319 3599 421 3680 annis,
445 3598 501 3680 qui
523 3597 726 3680 antecedunt,
750 3619 864 3684 pacem
878 3620 1025 3669 servasse
1042 3603 1105 3668 iam
1122 3623 1220 3687 supra
1235 3605 1368 3669 fecimus
1386 3621 1470 3667 men-

318 3702 448 3766 tionem.

403 3803 509 3884 Atque
539 3801 600 3866 etsi
628 3800 669 3866 ab
700 3801 905 3868 historiarum
938 3806 1147 3891 scriptoribus
1176 3807 1352 3872 Eumenem
1386 3806 1471 3871 bello

317 3902 410 3968 alteri
440 3923 510 3968 cum
541 3911 677 3986 tyranno
706 3913 856 3987 suscepto
890 3907 1071 3974 interfuisse
1099 3930 1161 3975 non
1195 3917 1471 3990 commemoratur,

318 4025 427 4086 regem
450 4025 534 4070 anno
561 4007 620 4068 192
643 4025 672 4070 a.
696 4005 771 4071 (ihr.
794 4026 823 4071 u.
847 4007 879 4071 in
903 4007 1042 4074 Graecia
1063 4011 1162 4074 fuisse
1191 4009 1379 4075 testificatur
1401 4011 1471 4092 ipse

318 4105 428 4172 Livius
449 4105 585 4172 XXXV.
606 4109 687 4170 391
722 4108 811 4174 hisce
838 4109 946 4176 verbis
966 4102 1198 4188 ‘Quinctius
1226 4131 1385 4194 quoque
1409 4111 1470 4176 his
