3308 5000
631 404 842 468 ..35-

247 574 367 642 Postea
388 573 549 640 Eumenes
572 572 643 656 ipse
666 591 737 638 cum
760 572 796 639 O.
820 573 915 640 Livio
938 572 1121 640 Phocaeam
1150 574 1183 638 in
1206 573 1319 642 Asiam

165 683 278 743 vectus
300 681 333 743 et
353 674 430 742 inde
452 675 586 742 Elaeam
609 674 771 757 profectus
800 695 871 742 cum
893 681 1043 760 quattuor
1071 681 1104 741 et
1124 675 1241 759 viginti
1263 696 1319 742 na·

161 778 257 844 vibus
279 778 382 860 tectis,
405 776 527 861 apertis
555 775 702 858 pluribus
727 779 827 862 paulo
856 777 1040 844 Phocaeam
1065 776 1108 842 ad
1136 784 1318 860 praetorem

163 879 306 963 revertit,
329 886 364 945 ut
386 877 649 962 expeditionibus
671 880 838 946 maritimis
860 881 1037 946 interesset.

164 1611 201 1678 0.
234 1605 293 1681 DE
315 1602 693 1680 EXPEDITIONIBUS
715 1602 774 1679 AB
797 1601 1022 1680 ANTIOOHO
1045 1602 1102 1679 ΕΤ
1129 1603 1323 1682 seeundo

408 1723 458 1800 IN
479 1721 680 1800 EUMENIS
702 1720 890 1798 REGNUM
911 1721 1081 1801 facule.

249 1901 414 1983 Seleucus,
436 1899 589 1966 Antiochi
604 1900 690 1981 regis
713 1898 807 1979 lilius,
831 1899 886 1981 qui
902 1900 935 1962 in
950 1899 1088 1966 Aeolide
1103 1920 1187 1967 anno
1206 1903 1318 1980 tellao

165 1997 288 2070 aGbr.
310 2023 341 2067 u.
365 2000 603 2084 hibernarent,
626 1989 797 2085 postquam
814 1999 991 2065 Eumenem
1013 2002 1159 2068 omuibus
1182 2004 1320 2072 navibus

164 2105 285 2174 coactis
306 2125 371 2170 uua
393 2123 465 2170 cunr
488 2103 686 2170 Rhodiorum
709 2108 742 2168 et
763 2102 979 2167 Romanorum
1004 2102 1100 2168 classi
1122 2103 1158 2168 L.
1178 2104 1319 2172 Aemilio

164 2206 292 2291 Regillo
313 2213 461 2290 praetore
476 2206 611 2288 Lyctum
632 2205 676 2270 ad
692 2204 810 2270 Patara
830 2203 1053 2286 aggredienda
1074 2205 1229 2289 petivisse
1251 2227 1318 2274 car·

165 2310 226 2375 tior
247 2309 351 2375 factus
374 2313 438 2390 est,
461 2327 525 2374 uon
548 2304 865 2392 praetermittendam
889 2325 959 2371 esse
989 2310 1076 2372 ratus
1106 2314 1319 2390 opportunam

165 2411 249 2478 bano
270 2409 482 2491 occasionem,
505 2409 624 2475 invasit
645 2409 678 2472 in
693 2407 965 2490 Pergamenorum
987 2405 1076 2490 lines,
1100 2414 1143 2486 ut,
1167 2429 1237 2476 cum
1261 2430 1320 2481 rex

164 2513 234 2598 ipse
262 2513 486 2597 plurimaeque
514 2511 629 2595 copiae
664 2509 831 2592 abessent,
866 2509 955 2576 facili
984 2511 1113 2594 negotio
1141 2531 1236 2594 agros
1265 2512 1322 2579 de·

166 2619 308 2682 vastaret
320 2616 352 2690 ¹).
402 2614 510 2695 Atque
538 2613 675 2695 primum
705 2611 836 2694 quidem
865 2612 999 2677 Elaeam
1030 2632 1217 2697 expugnare
1246 2635 1320 2681 cou-

164 2717 281 2800 stituit,
313 2714 373 2782 aed
406 2733 477 2780 cum
507 2733 559 2780 res
588 2713 674 2778 male
703 2714 854 2779 cessisset
882 2747 924 2758 -
952 2715 1056 2796 primo
1086 2715 1169 2780 enim
1199 2717 1320 2799 impetu

165 2819 276 2885 urbem
298 2833 415 2900 capere
437 2835 501 2881 non
524 2815 690 2899 potuit-
713 2835 810 2896 agros
835 2814 1013 2880 Elaitarum
1042 2814 1258 2898 depopulatus
1280 2838 1320 2884 eo

164 2939 266 3003 usque
293 2916 450 2984 audaciae
478 2936 667 3001 progressus
695 2924 759 3000 cst,
788 2923 823 2981 ut
849 2915 1044 2998 Pergamum
1073 2916 1183 2982 urbem
1215 2919 1320 3002 ipsam

165 3025 376 3106 oppugnaret.
429 3017 521 3096 Quod
552 3038 622 3084 cum
653 3021 798 3102 Attalus,
832 3020 887 3102 qui
920 3019 1006 3100 regis
1037 3018 1179 3085 absentis
1211 3021 1321 3088 munia

165 3124 291 3204 obibat,
320 3122 544 3206 comperisset,
578 3139 772 3202 magnopere
800 3120 986 3205 perterritus
1023 3120 1213 3188 stationibus
1245 3127 1320 3188 anta

164 3226 275 3292 urbem
310 3224 425 3308 positis
455 3230 488 3288 et
513 3223 757 3290 excursionibus
785 3226 818 3289 iu
848 3224 957 3289 hostes
986 3223 1079 3288 lactis
1106 3220 1321 3291 Seleucuma

165 3329 273 3413 capite
295 3345 435 3408 arcaque
457 3326 550 3408 regui
572 3343 684 3390 arcere
705 3323 843 3396 studuit;
867 3323 1000 3390 frustra:
1022 3345 1096 3390 nam
1121 3344 1192 3390 cum
1216 3327 1320 3392 miuus

166 3427 371 3496 multitudine
393 3428 530 3494 militum
554 3446 612 3510 pro
635 3425 775 3492 hostium
797 3445 930 3492 numero
954 3427 1087 3508 valeret,
1111 3427 1222 3511 copias
1245 3427 1320 3492 Per-

165 3651 300 3703 rostratae
324 3653 373 3700 aut
395 3645 453 3700 siue
478 3644 574 3699 rostris
599 3643 797 3713 speculatoriae
820 3648 899 3696 eraut
920 3641 980 3708 (cfr.
999 3641 1057 3696 Liv.
1075 3641 1201 3697 XXXVI.
1220 3647 1262 3698 42.
1283 3649 1319 3709 St:

166 3749 228 3787 nam
247 3736 325 3786 erant
343 3732 372 3786 G.
386 3730 445 3784 Livi
463 3730 656 3799 quinquaginta
673 3735 762 3784 tectae
780 3735 807 3782 et
824 3742 873 3782 sex
885 3726 1004 3780 Punicae
1021 3731 1049 3780 et
1066 3726 1136 3781 aliae
1147 3727 1319 3794 Reginorum,

165 3817 318 3873 Locrorum
335 3816 505 3884 allorumque
522 3815 655 3870 sociorum
674 3812 824 3869 scansili
842 3827 924 3866 naves
938 3812 1055 3882 qulnque
1072 3816 1100 3865 et
1112 3811 1204 3880 uigiati
1222 3818 1319 3868 tectae.

167 3901 263 3956 Liuius
281 3915 305 3954 c.
319 3905 360 3955 43.
382 3906 414 3954 13
432 3914 573 3954 numerum
592 3901 700 3954 narium
718 3899 835 3953 omnium
854 3897 963 3952 exbibet
981 3903 1089 3950 centum
1103 3897 1221 3965 quinque
1239 3914 1320 3953 naues

165 3991 265 4052 tectas,
284 3989 393 4054 apertas
415 3983 500 4038 ferme
525 3984 730 4053 quinquaginta:
756 3984 828 4038 unde
851 3985 928 4052 patet
945 3982 1086 4036 Phocaeae
1110 3981 1216 4037 demum
1239 4000 1320 4039 naves

165 4071 348 4140 Pergamenus
366 4086 427 4124 cum
445 4069 576 4123 Romanis
594 4085 623 4123 se
641 4067 814 4122 coniunxisse
832 4069 891 4130 (cfr.
910 4069 981 4136 App.
996 4066 1054 4134 Syr.
1075 4069 1125 4132 22).

256 4160 278 4220 1)
297 4155 345 4208 cfr.
364 4155 457 4225 Polyb.
477 4153 551 4206 XXI.
574 4159 613 4217 10,
631 4153 689 4209 Lis.
708 4153 848 4207 XXXVII.
871 4157 980 4222 18sqq.,
999 4151 1115 4219 Appian.
1128 4151 1189 4220 Syr.
1209 4157 1249 4208 26.
