3344 5008
827 366 1039 428 ..38-

364 530 510 596 nimirum
534 531 609 597 inde
631 535 673 598 ab
694 553 778 599 anno
803 537 863 597 196
888 552 988 616 66666
1011 535 1052 600 66
1079 539 1139 600 196
1161 556 1189 600 6.
1207 533 1280 601 0111.
1304 557 1334 599 6.
1359 531 1517 600 Antiochi

356 631 435 699 iuris
458 633 648 701 habebatur.
694 636 785 703 Anno
808 643 915 702 autem
942 639 1000 700 188
1024 658 1051 702 a.
1076 636 1150 704 chr.
1174 659 1204 702 6.
1228 657 1309 723 pace
1339 637 1517 704 coniuncta

357 734 492 802 Ilienses
513 756 618 820 aeque
640 759 687 815 ae,
702 739 828 821 reliqua
850 738 973 823 oppida
994 739 1136 821 Graeca,
1167 759 1252 822 6666
1275 739 1334 806 sub
1356 735 1515 804 Antiochi

355 838 515 907 dicionem
540 848 755 924 pervenerant
778 849 810 905 61
831 841 1390 924 16116116666666661616661661,
1414 840 1516 905 liber·

353 947 453 1007 tatem
487 943 802 1026 immunitatemque,
838 961 917 1025 quas
949 949 1045 1008 antea
1081 943 1275 1027 habuerant,
1305 947 1513 1026 acceperunt,

354 1045 414 1110 etsi
438 1043 499 1111 hoc
524 1065 586 1111 non
608 1045 773 1129 expressis
787 1045 894 1110 verbis
917 1046 1007 1129 pacis
1029 1047 1156 1128 legibus
1179 1045 1324 1110 additum
1349 1051 1411 1126 est;
1434 1044 1514 1108 Liui

353 1152 460 1211 autem
483 1148 601 1213 verba:
627 1140 688 1212 ‘et
709 1146 938 1213 Iliensibus
962 1147 1184 1214 Rhoeteum
1210 1155 1249 1214 et
1270 1145 1515 1230 Gergithum

353 1240 618 1314 addiderunt'
645 1269 685 1315 ex
701 1248 867 1314 annalium
882 1249 1039 1331 scriptore
1053 1249 1195 1332 quodam
1210 1250 1410 1334 deprompta,
1434 1249 1515 1331 quia

355 1371 377 1414 6
397 1350 536 1436 Polybio
569 1352 697 1418 silentio
731 1351 1043 1435 praetermittuntur,
1075 1353 1258 1436 suspicione
1296 1371 1359 1417 666
1390 1357 1512 1416 carent.

354 1450 492 1518 Omnino
515 1450 649 1520 Ilienses
664 1453 794 1537 oppidis
811 1452 958 1520 Rhoeteo
981 1460 1013 1519 et
1027 1453 1184 1537 Gergitho
1208 1453 1264 1518 illo
1279 1459 1424 1536 tempore
1446 1473 1513 1517 666

355 1574 425 1620 6666
449 1554 584 1623 6666166
606 1578 627 1622 6
649 1557 801 1622 Romanis
823 1554 902 1621 mihi
924 1575 1112 1640 persuasum
1135 1562 1193 1621 est.

441 1656 572 1742 Oppida
594 1658 823 1725 Alexandriam
848 1658 1008 1724 Troadem
1032 1665 1064 1724 et
1086 1658 1314 1742 Lampsacum,
1339 1676 1422 1739 quae
1446 1671 1513 1722 uua

355 1779 427 1824 cum
450 1761 510 1827 Ilio
539 1782 560 1826 a
582 1760 718 1844 Polybio
741 1762 762 1827 l.
785 1763 806 1828 l.
836 1768 1141 1843 commemorantur,
1171 1761 1214 1825 ab
1237 1757 1396 1823 Antiocho
1425 1778 1512 1824 anuo

357 1865 418 1927 196
440 1862 560 1930 60111.
577 1883 607 1926 6.
631 1865 820 1947 impugnata
840 1865 963 1948 6611161
984 1869 1082 1945 61666
1105 1862 1276 1944 Smyrnam
1298 1863 1429 1942 longum
1452 1879 1512 1946 per
1635 1887 1636 1906 r

355 1972 482 2049 tempus
503 1965 678 2033 detinuisse
700 1984 826 2049 regem,
851 1967 906 2049 661
929 1965 1027 2032 Asiae
1050 1965 1235 2031 civitatibus
1257 1963 1436 2028 Ptolemaei
1459 1983 1511 2028 su-

356 2068 414 2134 6116
436 2068 593 2151 potiturus
615 2075 710 2149 esset,
733 2069 862 2135 tandem
886 2069 927 2136 ab
941 2067 1101 2134 Antiocho
1124 2086 1196 2134 esse
1212 2070 1398 2149 expugnata
1413 2065 1510 2150 Poly-

357 2169 429 2236 bius
463 2169 551 2235 XXI.
589 2174 628 2236 13
661 2177 693 2236 61
728 2177 768 2235 14
803 2172 870 2250 (cir.
904 2170 975 2236 Liv.
1006 2169 1141 2235 XXXV.
1172 2170 1223 2254 42,
1257 2166 1426 2232 XXXVII.
1458 2171 1509 2250 35,

355 2271 522 2337 XXXVII.
560 2277 615 2355 54,
655 2272 749 2338 Diod.
784 2273 907 2338 XXIX.
943 2276 974 2350 7)
1009 2280 1058 2339 661
1089 2273 1191 2338 166116.
1236 2269 1302 2336 Sed
1333 2270 1511 2335 Eumenem

357 2375 586 2440 Alexandrinis
604 2383 635 2440 et
650 2374 879 2460 Lampsacenis
895 2376 1018 2441 auxilio
1034 2376 1172 2458 venisse,
1196 2379 1230 2437 ut
1245 2372 1373 2438 illorum
1389 2372 1513 2456 oppida

357 2476 527 2542 obsidione
549 2478 714 2561 eximeret,
737 2484 793 2543 661
808 2477 931 2542 Romae
953 2483 1098 2560 questum
1123 2494 1205 2559 esse,
1229 2473 1317 2558 6666
1331 2473 1511 2543 Antiochus
1635 2471 1636 2484 ¹

357 2598 414 2644 rex
438 2579 567 2663 oppidis
590 2599 648 2645 suo
671 2580 807 2662 imperio
829 2581 983 2649 subiectis
1005 2580 1126 2644 bellum
1155 2578 1317 2643 intulisset
1338 2596 1401 2642 nou
1425 2596 1510 2642 com·

356 2680 507 2764 perimus.
546 2679 663 2747 Verum
680 2681 765 2764 inde,
782 2681 1020 2764 quodomnium
1034 2682 1201 2748 civitatum
1215 2681 1314 2747 Asiae
1330 2678 1510 2764 Smyrnaei,
1635 2759 1636 2768 ¹

356 2784 585 2868 Lampsaceni,
616 2785 827 2850 Alexandrini
856 2785 899 2852 66
922 2788 1137 2852 Romanorum
1166 2791 1310 2850 senatum
1333 2783 1429 2867 primi
1452 2784 1509 2848 mi-

356 2895 466 2952 serunt
488 2890 621 2972 legatos,
645 2888 700 2970 661
725 2889 903 2954 libertatem
927 2896 1149 2972 reposcerent,
1180 2894 1270 2970 patet
1299 2887 1358 2950 illa
1388 2885 1511 2969 oppida

356 2990 459 3056 libera
480 2991 697 3073 immunisque
712 2991 821 3072 fuisse,
838 3011 901 3056 non
918 2992 1069 3057 Eumenis
1092 2989 1312 3073 stipendiaria,
1337 2997 1509 3070 66166666

357 3093 398 3155 ab
422 3090 580 3157 Antiocho
603 3100 872 3178 oppugnarentur.
911 3092 1150 3175 Lampsacenos
1172 3097 1277 3155 autem
1301 3090 1448 3156 similiter
1470 3110 1509 3154 66
1635 3149 1636 3158 ,

356 3192 551 3277 Smyrnaeus
574 3201 648 3259 ante
670 3215 788 3259 annum
813 3198 873 3260 196
896 3193 1061 3260 601166.
1085 3194 1266 3260 libertatem
1289 3193 1509 3278 usurpavisse,

357 3295 388 3359 h.
414 3315 440 3360 6.
464 3297 665 3362 recusavisse
687 3297 866 3380 611666616,
889 3317 972 3381 6666
995 3303 1091 3363 66166
1114 3298 1346 3380 Aegyptiorum
1377 3297 1507 3379 regibus

357 3397 587 3482 pependerant,
604 3398 715 3465 LivIus
727 3399 882 3466 XXXIII.
900 3401 949 3466 38.
967 3404 985 3466 3
1001 3400 1144 3466 tradidit.
1181 3400 1254 3465 Huc
1268 3398 1404 3480 aceedit,
1420 3399 1508 3481 6666
1635 3433 1636 3486 3

358 3503 493 3567 Romani
517 3500 637 3566 bellum
660 3522 730 3568 cum
746 3502 906 3570 66116616
928 3523 1004 3586 rege
1026 3504 1176 3584 inierunt,
1199 3521 1262 3567 666
1286 3500 1372 3583 6666
1396 3503 1508 3566 civita·
1635 3515 1636 3522 ’

357 3604 442 3670 111166
465 3602 685 3688 stipendiariis
707 3604 978 3689 Pergamenorum
1000 3606 1086 3689 regi,
1116 3605 1171 3688 qui
1201 3608 1270 3670 erat
1292 3603 1507 3669 Romanorum

357 3707 474 3788 socius,
497 3704 617 3770 bellum
642 3707 814 3790 1616116661,
846 3707 903 3773 sed
933 3709 1009 3791 6616
1031 3707 1226 3774 Graecorum
1256 3704 1384 3792 oppidis
1412 3706 1508 3772 liber-

358 3815 456 3874 tatem
480 3809 649 3892 eripuerat,
680 3828 774 3892 quam
805 3811 928 3876 servari
958 3810 1110 3876 uolebant
1138 3815 1170 3875 61
1192 3809 1348 3876 Graeciae
1378 3810 1508 3893 oppidis

359 3921 391 3977 et
419 3910 614 3977 Graecorum
649 3912 681 3976 in
711 3913 789 4004 Asia
817 3911 1002 3978 civitatibus
1041 3913 1108 3988 (cfr.
1139 3913 1252 3995 Polyb.
1276 3912 1366 3978 XXI.
1399 3916 1448 3978 13.
1473 3917 1508 3978 3:
1635 3947 1636 3966 1

358 4011 656 4096 προχειρισάμενος
689 4005 747 4076 οὖν
773 4007 989 4098 Ἡρακλείδην
1020 4009 1079 4078 τὸν
1114 4011 1294 4090 Βυζάντιον
1328 4011 1507 4096 ἐξέπεμψε,
1635 4021 1636 4032 ’

359 4113 437 4190 dol-9
468 4111 604 4190 ἐντολὰς
634 4106 685 4179 h'rr
717 4128 909 4198 παραχωρεῖ
937 4117 996 4200 τῆς
1025 4137 1061 4177 τε
1089 4117 1156 4177 sevir
1178 4119 1424 4201 Λαμψακηνῶν
1452 4119 1508 4182 καὶ
