3308 5000
639 399 945 464 —1et-·

180 572 382 641 Achaeorum
398 590 476 638 vero
491 591 562 638 esse
583 572 710 636 illerum
733 569 875 635 indicum
898 567 1172 651 Importunitatem
1192 575 1224 634 et
1240 568 1331 651 quid-

181 675 260 760 quid
275 677 308 740 In
323 693 432 758 regem
446 680 611 758 peccatum
636 679 729 754 esset,
753 669 936 750 emendare,
952 671 1142 752 praesertim
1165 691 1236 737 cum
1266 692 1330 737 nen

183 778 286 844 solnm
308 776 460 860 Eumeni,
488 775 545 842 sed
578 775 676 839 multe
705 775 809 856 magis
838 773 948 838 Attalo
976 771 1184 855 gratificaturi
1213 781 1329 840 essent.

185 877 308 956 Quibus
331 878 439 944 verbis
466 898 538 944 cnm
566 875 763 942 reconciliati
790 879 898 942 essent
919 872 1123 941 Achaeorum
1152 876 1267 958 animi,
1297 884 1333 942 ut

183 979 319 1045 Eumeni
341 977 489 1063 hencres,
512 978 573 1044 nisi
595 996 676 1061 quos
697 977 766 1060 regi
789 976 831 1042 ab
847 975 986 1043 Achaeis
1009 977 1173 1061 praebitas
1196 997 1266 1044 esse
1289 979 1331 1044 ad

182 1101 249 1147 rem
271 1081 433 1164 publicam
457 1100 567 1165 parum
592 1079 721 1145 deceret
734 1084 790 1144 aut
805 1080 860 1162 qui
877 1086 984 1146 essent
1004 1098 1066 1144 non
1090 1080 1236 1165 legitimi,
1261 1081 1331 1147 red·

181 1183 332 1248 derantur
343 1189 375 1248 et
386 1184 485 1267 legati
500 1183 709 1263 mitterentur,
725 1200 858 1263 querum
875 1183 1025 1264 prIneeps
1043 1187 1129 1247 esset
1141 1182 1332 1267 Temeritas,

181 1286 236 1369 qui
251 1283 361 1349 Attalo
384 1286 601 1352 renuntiarent
615 1302 723 1366 regem
739 1284 772 1348 in
788 1283 954 1367 antIquum
976 1281 1105 1349 honeris
1121 1284 1225 1351 locum
1241 1287 1332 1352 resti-

182 1393 283 1451 tutum
300 1406 380 1468 esse,
404 1388 543 1452 emnium
560 1405 716 1454 consensu
739 1391 787 1450 est
810 1385 1014 1452 constitutum
1036 1385 1162 1470 (Polyb.
1178 1386 1332 1454 XXVIII.

182 1490 391 1566 uertat).

151 1610 155 1622 ·
263 1587 367 1655 Valde
390 1596 497 1656 antem
521 1588 694 1656 delendum
723 1597 786 1672 est,
816 1588 904 1672 qued
934 1590 1026 1655 unius
1055 1597 1177 1655 tantum
1207 1599 1332 1659 statuae

179 1692 335 1774 reliquIae
358 1701 431 1758 sunt
453 1698 671 1759 conservatae.
709 1692 851 1757 Titulum
875 1691 959 1756 enim
983 1690 1223 1768 eiectatur.
1240 1694 1333 1770 1188)

180 1799 304 1860 statuae
327 1793 411 1876 basi,
434 1814 518 1878 quae
540 1793 675 1860 Eumeni
697 1814 717 1858 a
741 1792 1001 1860 Calauriensibus
1029 1794 1135 1876 posita
1164 1801 1221 1876 est,
1252 1814 1332 1859 mar·

181 1913 308 1962 mercae
331 1895 526 1979 inscriptum.
572 1895 685 1978 Neque
707 1914 785 1961 vero
814 1894 943 1975 dubito,
974 1896 1051 1976 quin
1080 1896 1137 1961 illa
1160 1916 1333 1962 enumero

182 2017 290 2063 eornm
314 1998 356 2063 sit
379 1996 544 2082 honorum,
567 2017 646 2080 qnos
668 2017 752 2063 anno
771 1996 883 2075 170l69
898 2017 927 2062 a.
941 1996 1014 2063 Ohr.
1032 2016 1188 2064 renovare
1212 2000 1335 2081 placuit
1442 2087 1443 2090 Ἴ

177 2096 325 2166 Achaeis.

546 2711 742 2772 corrigenda
760 2705 791 2762 'et
808 2711 966 2763 addenda.

267 2843 337 2910 Lege
362 2859 389 2911 p.
410 2847 425 2896 2
448 2843 481 2899 de
504 2842 642 2897 medailles
664 2858 714 2910 pro
733 2843 780 2897 dea
804 2842 951 2908 medailles,
980 2846 1008 2897 et
1026 2843 1259 2898 Varendortiensis
1284 2860 1335 2912 pro
1384 2827 1386 2832 ’

186 2927 418 2994 Vaaendorfiensi‚
436 2935 492 2998 pa
511 2946 536 2984 u.
549 2933 582 2983 26
600 2927 669 2980 adde
693 2930 759 2982 2883
783 2934 810 2982 et
832 2932 912 2993 2888,
934 2944 962 2998 p.
977 2932 992 2980 6
1010 2928 1158 2982 attributae
1177 2936 1267 2984 essent
1285 2945 1335 2997 pro

184 3012 316 3067 attributa
334 3018 438 3078 essent,
456 3020 512 3082 p.·'l
532 3016 593 3068 2881
599 3015 626 3078 ll
644 3027 693 3082 pro
713 3012 815 3082 228112.
835 3017 915 3080 3208,
933 3030 961 3082 p.
977 3018 1007 3066 10
1026 3021 1208 3068 commoratus
1226 3017 1269 3067 est
1286 3030 1336 3082 pre

183 3103 408 3153 commemoratus
427 3104 477 3162 eat,
495 3117 521 3168 p.
538 3104 566 3153 11
587 3097 646 3151 dele
664 3112 713 3151 seu
726 3097 861 3167 Gyrtonio,
880 3115 905 3167 p.
923 3104 950 3153 tu
970 3094 1042 3167 μετὰ
1057 3093 1108 3169 τὴν
1126 3115 1174 3167 pro
1191 3118 1264 3168 μετα
1278 3119 1336 3169 την,

183 3199 209 3252 p.
225 3186 256 3236 26
274 3185 358 3248 thasie
380 3178 579 3248 Ἀπολλωνίδος
591 3175 748 3254 Εὐσεβοῦς)
766 3199 814 3251 pro
834 3179 898 3246 (θεὰ
919 3177 1086 3248 Ἀπολλωνὶς
1107 3177 1243 3256 εὐσεβής),
1263 3203 1289 3254 p.
1305 3189 1337 3238 28

181 3284 207 3322 v.
221 3272 248 3320 tt
271 3269 360 3321 emitte
380 3270 457 3324 ltiod.
471 3270 570 3323 XXXI.
586 3271 617 3320 28
636 3273 664 3321 et
681 3267 750 3320 adde
768 3269 832 3321 Ath.
846 3268 905 3323 XV.
919 3286 947 3338 p.
962 3272 1042 3332 hetta,
1062 3268 1132 3324 Plut.
1146 3269 1209 3323 frat.
1228 3284 1280 3323 am.
1298 3271 1336 3333 18,

182 3353 273 3407 Strab.
291 3352 366 3406 XIII.
386 3358 410 3406 4.
430 3358 445 3407 2
463 3373 490 3425 p.
504 3357 562 3416 621,
581 3369 607 3420 p.
621 3355 654 3404 32
672 3346 839 3410 decentiore
857 3369 907 3423 pre
927 3347 1101 3418 ἀποστάσει,
1119 3371 1146 3422 p.
1160 3360 1192 3408 46
1212 3350 1337 3423 σπουδήν

132 3487 134 3492 .
181 3451 232 3506 pre
256 3437 390 3507 σπουδὴν,
414 3455 440 3508 p.
454 3443 486 3493 42
510 3436 590 3492 Diod.
609 3436 736 3492 XXVIII.
757 3444 771 3490 5
795 3455 844 3506 pre
862 3439 1015 3494 XXXVIII.
1035 3445 1064 3504 ὁ,
1090 3455 1116 3507 p.
1131 3445 1163 3493 46
1182 3456 1205 3492 v.
1222 3444 1248 3494 tl
1274 3444 1339 3492 1824

181 3536 233 3589 pro
254 3525 326 3576 1861.
