3344 5008
763 301 1037 400 ¹-34-

356 509 522 592 planitiem
556 507 682 573 Attalns
716 506 930 591 depopulatus
966 512 1023 573 est.
1074 507 1104 572 A
1144 505 1270 573 duobus
1304 507 1402 591 igitur
1444 508 1510 574 illis

301 606 304 612 ’
356 609 486 695 oppidis
509 630 579 676 cum
603 609 759 675 militibus
781 608 824 674 ad
846 609 1000 675 orientem
1024 611 1136 676 versu's
1159 609 1192 674 in
1213 609 1318 694 Apiae
1341 610 1509 694 planitiem

357 730 556 798 progressus,
580 729 676 794 quam
697 732 719 776 a
732 712 862 777 'Temno
890 717 998 777 monte
1027 713 1060 778 iu
1089 711 1334 796 septemtriones
1363 719 1510 797 spectare

361 814 476 882 Strabo
492 813 581 879 ΧΙΙΙ.
607 817 634 878 1.
652 817 702 878 70.
726 834 757 898 p.
776 817 838 878 616
860 812 1010 896 ostendit,
1034 821 1139 882 castra
1160 821 1266 881 monte
1282 814 1453 881 Pelecante
1477 815 1510 881 in

358 916 464 1000 Mysia
492 916 553 981 sito
583 922 733 1000 superato
765 915 938 982 collocavit
960 915 1002 981 ad
1026 916 1196 1000 Megistum
1220 915 1370 1000 fluvium,
1394 917 1447 1001 qui
1477 918 1511 984 in

361 1016 572 1103 Rhyndacum
608 1015 726 1082 flumen
760 1015 864 1083 influit
892 1018 959 1094 (cfr.
994 1017 1094 1086 schol.
1126 1018 1167 1084 ad
1197 1018 1363 1102 Apollonii
1392 1018 1511 1086 Rhodii

359 1119 579 1203 Argonautica
590 1118 614 1183 Ι.
631 1119 734 1196 1165).
759 1117 843 1197 Quia
854 1127 962 1186 autern
976 1121 1032 1188 illo
1044 1122 1116 1188 loco
1125 1120 1330 1204 Gallograeci
1341 1122 1510 1187 tumultua-

362 1223 487 1306 bantur,
510 1226 663 1304 metuens,
687 1241 728 1287 ne
751 1242 823 1288 cum
839 1221 971 1289 Achaeo
994 1242 1030 1290 se
1052 1223 1282 1306 coniungerent
1303 1243 1386 1289 neve
1401 1229 1512 1289 contra

360 1345 395 1390 se
418 1344 508 1390 arma
529 1325 658 1406 ferrent,
680 1323 723 1389 ad
738 1324 983 1408 Hellespontum
1007 1345 1062 1393 eos
1078 1324 1209 1392 reduxit
1230 1325 1333 1409 iisque
1349 1322 1513 1389 domicilia

360 1427 407 1492 ibi
436 1424 541 1508 dedit,
571 1432 667 1510 atque
695 1434 865 1511 postquam
895 1427 1081 1512 Lampsaci,
1110 1425 1330 1494 Alexandriae
1362 1423 1510 1508 Troadis,

248 1577 252 1584 -
299 1557 302 1561 ·
360 1529 413 1595 Ilii
436 1530 561 1612 legatos
590 1530 748 1595 benevole
772 1530 916 1614 excepit,
947 1531 1023 1613 quia
1051 1531 1083 1594 in
1107 1549 1162 1612 eo,
1193 1528 1280 1613 quod
1308 1533 1511 1610 convenerat,

360 1632 562 1714 mansissent,
587 1631 780 1715 Pergamum
803 1650 874 1697 cum
898 1633 1041 1698 exercitu
1063 1631 1168 1698 rediit.

447 1731 550 1824 Quod
566 1733 598 1798 in
622 1733 757 1816 bellum,
788 1739 822 1799 ut
845 1735 907 1798 iam
932 1754 1029 1818 supra
1051 1740 1100 1800 est
1122 1733 1258 1816 dictum,
1289 1732 1416 1818 Attalus
1438 1751 1512 1814 pro·

361 1838 465 1903 fectus
489 1841 547 1920 est,
570 1841 605 1900 ut
627 1837 786 1918 civitates,
809 1836 925 1918 quibus
947 1838 990 1902 ab
1008 1835 1138 1903 Achaeo
1154 1837 1299 1920 privatus
1323 1839 1401 1916 erat,
1423 1853 1511 1900 recu-

361 1945 490 2024 peraret
519 1957 557 2004 eo
588 1939 790 2024 potissimum
820 1938 969 2021 consilio,
1000 1945 1035 2004 ut
1063 1958 1195 2022 regnum
1231 1937 1432 2003 imminutum
1455 1936 1513 2000 im-

362 2041 475 2125 primis
509 2040 552 2106 ud
586 2041 798 2107 meridianam
834 2041 915 2107 caeli
944 2046 1086 2124 partem,
1121 2041 1198 2107 solis
1228 2042 1287 2106 sub
1317 2045 1437 2122 ortum,
1470 2037 1513 2104 ad

362 2143 675 2228 septemtrionesque
697 2144 739 2210 ab
763 2142 902 2210 hostium
933 2144 1053 2227 impetu
1086 2150 1187 2210 tutum
1215 2143 1366 2210 redderet
1388 2148 1513 2209 etcum

363 2246 494 2331 oppidis
517 2245 652 2312 Graecis
680 2247 794 2312 iterum
828 2247 1003 2313 amicitiam
1041 2247 1292 2330 societatemque
1322 2247 1424 2312 iniret.
1477 2246 1513 2312 ln

364 2348 425 2415 hac
441 2347 658 2432 expeditione,
675 2369 770 2431 quam
788 2369 859 2416 cum
871 2349 992 2416 Meiero
1007 2370 1039 2432 p.
1057 2350 1118 2413 360
1131 2368 1201 2434 sqq.
1228 2348 1278 2416 01.
1297 2352 1367 2431 140,
1384 2351 1414 2434 2,
1429 2369 1514 2415 anno

365 2457 426 2518 219
449 2473 478 2517 a.
496 2450 568 2517 Chr.
585 2471 615 2516 n.
639 2452 757 2517 factam
781 2471 852 2518 esse
875 2453 1058 2536 consentio,
1081 2452 1234 2518 nonnulla
1257 2451 1377 2518 indicia
1399 2452 1515 2533 insunt,

365 2555 481 2638 quibus
497 2555 599 2620 Attuli
622 2574 753 2638 regnum
771 2555 891 2621 saeculi
907 2555 1041 2621 alterius
1057 2554 1149 2620 initio
1166 2555 1269 2620 maius
1285 2554 1385 2620 fuisse
1401 2553 1515 2636 elucet,

364 2677 459 2741 quam
498 2656 614 2723 Strabo
644 2657 664 2721 l.
688 2657 708 2722 l.
737 2656 853 2723 attulit.
905 2656 971 2723 Sed
1000 2659 1187 2742 priusquam
1222 2675 1398 2739 exsequar,
1433 2675 1515 2738 quae

365 2761 557 2844 oppidorum
586 2759 714 2824 illorum
742 2765 815 2843 post
842 2760 944 2825 Attali
973 2765 1107 2828 mortem
1139 2759 1273 2825 Eumeni
1301 2759 1370 2841 regi
1399 2759 1517 2825 fuerint

366 2863 520 2946 subiecta,
543 2862 844 2948 breviterrelutem,
868 2882 952 2947 quae
967 2861 1096 2928 Flatbe:
1120 2862 1177 2926 ll.
1201 2882 1232 2944 p.
1250 2863 1311 2928 338
1334 2859 1385 2926 his
1408 2860 1515 2928 verbis

365 2965 531 3032 contendit
550 2957 633 3031 ‘ubet
654 2963 714 3047 lein
737 2964 875 3040 (Attalus
890 2966 927 3043 l.)
950 2964 1041 3047 ffieliq
1063 2963 1213 3046 [ductito
1236 2960 1439 3046 uuouibitliq
1462 2960 1515 3045 biu

363 3069 429 3134 nub
451 3067 516 3150 brt:
539 3066 623 3150 teuto
645 3069 727 3134 murt>
749 3077 923 3149 pauonum,
946 3083 1067 3148 morgen
1089 3066 1222 3132 uetloveu
1246 3067 1309 3131 unt
1331 3067 1382 3130 bet
1405 3063 1517 3148 tolqcu·

366 3175 422 3236 beu
444 3171 544 3252 bugat
567 3169 671 3236 tutetur
692 3161 870 3252 gementum?
919 3168 1041 3248 Quibus
1065 3171 1168 3236 virum
1184 3169 1312 3236 doctum
1336 3189 1386 3236 res
1409 3177 1518 3254 gestas

367 3276 450 3340 iusto
472 3275 576 3340 minus
598 3275 780 3359 respexisse
803 3281 852 3342 est
874 3276 906 3339 in
929 3280 1051 3356 aperto,
1075 3273 1135 3340 etsi
1150 3273 1199 3338 illi
1215 3273 1358 3340 concedo
1374 3273 1516 3339 Attalum

367 3377 477 3460 aliquo
500 3382 644 3460 tempore
668 3377 779 3442 Asiam
807 3379 852 3444 cis
875 3377 1015 3442 Taurum
1046 3375 1222 3444 obtinuisse
1252 3383 1284 3442 et
1312 3376 1405 3442 brevi
1434 3383 1517 3460 post,

369 3478 523 3563 quidquid
550 3485 802 3564 expugnaverat,
825 3479 974 3545 amisisse
998 3485 1031 3544 et
1051 3498 1134 3545 anno
1157 3480 1219 3541 219
1242 3499 1271 3542 a.
1289 3477 1363 3543 (ihr.
1386 3499 1416 3544 n.
1441 3498 1516 3544 non·

368 3582 457 3648 nulla
490 3580 611 3666 oppida
641 3582 812 3665 recepisse.
869 3580 934 3648 Sed
968 3582 1115 3665 regiones
1149 3583 1205 3647 illo
1239 3580 1323 3646 bello
1357 3580 1518 3647 subiectus

369 3685 444 3766 quin
468 3703 577 3748 omnes
601 3683 701 3749 ferme
723 3683 765 3749 ad
788 3683 909 3748 exitum
926 3683 1013 3749 vitae
1027 3684 1153 3750 Attalus
1176 3683 1425 3766 conservaverit,
1449 3683 1518 3747 iure

370 3786 509 3852 dubitari
533 3786 653 3868 nequit,
677 3787 737 3852 etsi
761 3785 931 3870 Philippus
954 3806 1012 3852 rex
1037 3787 1189 3870 exiguum
1212 3805 1269 3869 per
1291 3790 1419 3869 tempus
1442 3806 1518 3850 non·

368 3889 457 3954 nulla
486 3886 607 3970 oppida
636 3888 669 3952 iu
698 3887 784 3954 bello
814 3887 1021 3954 Macedonico
1050 3890 1141 3954 annis
1170 3887 1304 3970 abutum
1330 3909 1360 3954 a.
1384 3887 1458 3956 chr.
1489 3909 1521 3954 n.

369 3995 500 4075 ceperat
522 3997 554 4056 et
576 3992 674 4073 paulo
696 3996 769 4076 post
798 3993 830 4059 in
852 3991 1074 4058 Macedoniam
1104 4011 1252 4058 reversus
1273 3989 1383 4058 Attalo
1406 3993 1520 4058 iterum
1653 4013 1654 4062 t

369 4100 577 4160 concesserat.
