3344 5008
659 413 844 471 ...7-

177 580 339 654 sacrum¹).
365 577 490 642 Deinde
506 578 651 644 Dioscuri
668 579 810 662 magistri
829 579 1036 644 certaminum
1049 581 1289 662 gymniacorunr
1300 583 1326 658 ²)

177 682 372 761 colebantur,
391 699 474 762 quae
487 681 584 746 etlam
597 681 683 747 ludis
699 681 990 764 Didymaeensibus
1002 688 1075 747 acta
1087 701 1158 748 esse
1171 702 1212 747 ex
1224 683 1326 748 titulis

176 781 211 848 Ο.
228 782 251 847 Ι.
269 783 322 848 Gr.
340 781 463 862 meust.
489 787 571 848 3208
594 786 806 868 cognoscitur.
837 785 919 848 Tum
935 803 1007 848 mea
1023 783 1152 866 quidem
1169 785 1327 850 sententia

177 884 291 951 Castor
306 891 339 949 et
353 885 468 950 Pollux
486 887 672 952 nominatim
689 885 731 952 ad
745 887 919 952 Eumenem
939 906 1047 968 regem
1064 887 1197 969 eiusque
1213 886 1326 950 fratres

178 992 333 1071 spectant.
372 987 470 1052 Erant
486 989 570 1053 enirn
593 990 774 1074 symbolum
797 987 928 1052 fraterni
943 989 1062 1054 amoris
1073 991 1097 1066 ³)
1121 995 1153 1054 ct
1174 989 1207 1052 in
1231 992 1325 1052 tetra-

175 1087 327 1155 drachmo
351 1089 502 1156 Eumenis
526 1092 611 1174 regis
634 1090 764 1158 honoris
794 1109 891 1155 causa
919 1089 1004 1156 Iacto
1036 1088 1243 1155 hauddubie
1267 1109 1325 1154 nos

175 1191 473 1273 commonefaciant,
497 1198 695 1278 quantopere
718 1213 776 1258 rex
798 1192 911 1257 tratres
927 1211 1002 1258 suos
1017 1191 1170 1258 dilexerit
1191 1197 1224 1257 ct
1238 1211 1323 1256 ama·

174 1293 265 1360 verit.
311 1291 374 1370 Qui
409 1291 561 1359 Eumenis
594 1315 684 1360 amor
718 1295 826 1360 multis
858 1293 999 1358 firmatur
1032 1295 1223 1360 testimoniis
1257 1293 1323 1366 (cfr.

176 1395 317 1479 exempli
347 1396 451 1478 gratia
481 1395 563 1460 Plut.
593 1395 635 1462 de
663 1395 734 1462 frat.
766 1418 828 1462 am.
855 1398 893 1459 18
924 1401 956 1461 et
983 1416 1050 1479 rog.
1080 1404 1112 1462 ct
1141 1397 1217 1479 imp.
1246 1414 1322 1478 apo·

174 1494 385 1578 phthegmata
395 1518 426 1580 p.
443 1499 503 1560 220
517 1497 667 1564 editionis
679 1498 882 1581 Didotianae‚
907 1499 1002 1563 Diod.
1019 1498 1141 1564 XXIX.
1159 1498 1196 1564 fr.
1214 1502 1255 1562 34
1271 1496 1321 1562 ed.

175 1597 361 1663 Diudordus
383 1598 471 1682 Lips.
490 1600 584 1674 1867)
607 1605 703 1682 atque
727 1601 822 1666 etiam
847 1599 1017 1685 Philippus
1040 1601 1088 1684 V.‚
1113 1599 1321 1665 Macedonum

173 1719 241 1781 rex,
266 1700 320 1782 qui
337 1699 471 1766 Eumeni
488 1708 557 1767 erat
580 1702 827 1783 inimicissimus,
852 1703 941 1767 illum
959 1722 1036 1784 erga
1050 1701 1164 1768 fratres
1179 1721 1321 1766 amorem

172 1799 248 1867 tiliis
277 1801 343 1868 suis
372 1803 454 1868 inter·
482 1823 517 1868 se
553 1802 782 1870 dissidentibus
817 1807 1000 1888 exemplum
1028 1804 1320 1887 praeclarissimum

171 1905 339 1987 proposuit
361 1903 402 1968 ad
424 1904 612 1970 imitandum
647 1906 714 1984 (cfr.
743 1907 855 1990 Polyb.
885 1907 1006 1971 XXIII.
1038 1912 1085 1971 11.
1115 1911 1133 1970 6
1160 1924 1219 1989 sq,
1249 1906 1319 1970 Liv.

172 2005 310 2070 XXXX.
335 2007 443 2082 8.14).

258 2109 403 2190 Imagine
427 2115 533 2175 autem
557 2111 708 2176 Eumenis
731 2110 771 2176 ΙΙ.
796 2111 881 2193 regis
904 2109 1141 2176 tetradrachmo
1164 2112 1321 2192 impressa

170 2211 433 2293 comprobantur,
462 2231 544 2295 quae
571 2212 657 2295 apud
688 2213 860 2295 Polybium
888 2212 1007 2296 scripta
1035 2212 1191 2278 videmus.
1237 2211 1318 2274 Nam

170 2332 212 2377 ex
240 2313 326 2395 regIs
354 2315 447 2396 genis
478 2315 628 2380 concavis
659 2321 690 2380 et
718 2314 814 2381 faciei
843 2316 996 2398 languore
1026 2313 1242 2397 colligendum
1272 2319 1321 2378 est

170 2416 259 2481 illum
285 2422 317 2481 et
339 2416 525 2482 valetudine
548 2423 580 2482 et
601 2424 714 2482 natura
744 2418 842 2483 tuisse
865 2416 1061 2482 imbecillum
1085 2416 1319 2498 infirmumque,

169 2537 233 2600 qua
256 2517 297 2582 de
320 2536 355 2582 re
371 2517 525 2601 Polybius
541 2520 758 2604 compluribus
775 2519 853 2584 locis
870 2518 969 2582 verba
984 2517 1138 2595 lacitlcfr.
1157 2518 1275 2583 XXIV.
1289 2525 1317 2596 5,

168 2618 273 2682 XXX.
291 2621 319 2682 2.
337 2623 355 2681 5
379 2619 462 2697 (Liv.
479 2621 646 2686 XXXXV.
666 2626 714 2684 19.
734 2623 793 2702 11),
817 2620 955 2685 XXXII.
972 2622 1034 2697 22).

253 2822 398 2888 Alterum
420 2843 585 2889 nummum
607 2843 716 2907 genus,
740 2827 772 2888 iu
795 2824 910 2906 quibus
927 2825 1079 2889 Eumenis
1094 2827 1180 2907 regis
1202 2844 1317 2890 nomen

167 2925 338 3008 invonitur,
361 2932 434 2992 sunt
455 2925 631 3009 cistophori
654 2926 740 3008 apud
764 2924 952 2991 Imhoolium
976 2925 1039 2990 tab.
1063 2926 1115 2990 IV.
1141 2931 1223 2988 1-4
1247 2927 1316 3006 (cf.

166 3027 306 3093 indicem
323 3028 358 3092 B.
376 3028 415 3092 11.
433 3029 572 3103 82-85)
587 3028 717 3112 depicti.
752 3026 893 3105 Quorum
908 3029 940 3091 in
957 3033 1048 3110 parte
1060 3047 1176 3092 aversa
1190 3028 1317 3093 litterae

168 3127 224 3189 ΒΑ
247 3125 315 3215 ΕΥ,
339 3150 419 3213 quas
441 3130 561 3196 formas
577 3150 648 3197 esse
664 3130 826 3197 brerIatas
848 3151 907 3214 pro
932 3125 1156 3192 ΒΑΣΙΛΕΩΣ
1180 3125 1316 3193 ΕΥΜΕ-

167 3226 259 3292 ΝΟΥ
275 3233 325 3297 vir
340 3232 452 3299 doctus
464 3234 527 3298 iam
545 3234 665 3317 optime
681 3235 842 3316 cognovit,
865 3237 897 3297 et
913 3227 1019 3314 ΘΥΑ,
1036 3229 1175 3316 ΑΠΟΛ,
1196 3230 1316 3293 ΣΤΡΑ

165 3333 324 3416 leguntur.
362 3335 481 3399 Harum
503 3342 609 3401 autern
633 3336 874 3418 inscriptionum
891 3330 988 3396 ΘΥΑ
1003 3335 1185 3418 siguificare
1208 3355 1315 3400 mone-

164 3442 231 3501 tam
263 3434 292 3499 h.
320 3457 347 3502 e.
377 3437 410 3501 iu
440 3437 560 3520 oppido
591 3435 749 3519 Thyatira
780 3435 999 3520 cistophorum
1028 3454 1213 3516 percussum
1243 3457 1315 3502 esse

165 3536 251 3604 idem
264 3539 443 3605 rectissime
455 3539 690 3604 animadvertit.
725 3540 831 3621 Atque
843 3539 939 3603 etiam
956 3539 1097 3621 reliquos
1113 3537 1313 3622 cistophorus

252 3745 276 3805 1)
295 3739 343 3794 cfr.
364 3739 535 3794 Welclrer:
562 3738 737 3794 Griechischc
756 3739 926 3794 thterlehre
953 3739 1097 3807 Gottingae
1121 3743 1185 3792 1860
1209 3745 1271 3792 tom.
1291 3738 1313 3793 I.

163 3843 190 3896 p·
211 3830 347 3975 whitlcqir.
366 3910 442 3963 Piud.
462 3924 530 3963 uem.
550 3907 583 3962 X.
604 3912 713 3976 tesqq.
738 3909 835 3978 olymp.
855 3909 905 3964 III.
924 3913 957 3962 31
968 3926 1034 3976 sqq,
1054 3907 1181 3962 Welcker
1199 3910 1263 3962 tom.
1278 3909 1312 3965 II.

164 4000 323 4065 p.423sqq.‚
342 3995 433 4049 Prell
443 4010 491 4049 er:
504 3993 679 4048 Griechische
688 3993 853 4063 Mythologic
867 3995 954 4048 Berol.
968 3997 1032 4046 1815
1044 3997 1107 4046 tom.
1118 3992 1153 4047 ll.
1162 4009 1188 4060 p.
1201 3997 1242 4048 101
1255 4010 1312 4064 sqq.

251 4086 277 4146 3)
296 4081 344 4134 cl'r.
362 4079 433 4134 Plut.
453 4080 486 4133 de
509 4078 571 4133 frat.
591 4093 643 4131 em.
666 4083 705 4143 tt,
730 4079 858 4133 Welcker
880 4083 945 4134 tom.
965 4079 999 4132 lI.
1018 4095 1044 4147 p.
1060 4083 1108 4133 421
1121 4096 1187 4147 sqq,
1211 4079 1312 4134 Preller

162 4173 227 4220 tom.
246 4166 281 4219 II.
300 4183 327 4233 p.
343 4170 391 4218 103
401 4181 458 4232 sqq.
