3308 5000
774 333 1103 442 -ιι--λ

304 546 590 630 Lysimachiae
613 547 718 629 apud
742 566 827 612 eum
849 548 1027 629 fuerant,
1049 549 1188 631 placuit,
1219 549 1254 614 P.
1278 547 1457 630 Sulpicium

304 649 341 714 P.
367 650 497 714 Villium
527 649 562 714 P.
585 649 715 716 Aelium
727 651 758 726 ¹).
803 649 866 728 Qui
895 671 916 715 a
945 658 1058 716 senatu
1086 670 1169 716 anno
1196 654 1256 717 195
1279 671 1307 716 a.
1324 649 1397 716 Chr.
1415 670 1456 733 n.,

304 757 339 818 ut
361 751 498 834 videtur,
522 758 594 834 post
617 751 705 816 illam
728 752 923 834 legationem
939 750 1105 835 Syriacam
1129 752 1219 818 missi
1241 759 1313 819 sunt
1333 751 1376 818 ad
1392 753 1457 817 An-

306 851 462 935 tiochum,
498 854 553 935 qni
580 854 695 919 iterum
733 854 767 917 in
795 853 957 936 Europam
987 855 1190 920 terrestribus
1222 854 1457 937 navalibusque

304 956 405 1039 copiis
427 955 605 1037 transierat,
630 962 661 1020 et
684 975 756 1020 cum
779 975 855 1038 rege
870 954 1096 1040 Lysimachiae
1119 961 1261 1038 egerunt,
1285 973 1349 1037 quo
1372 974 1457 1020 anno

307 1061 366 1125 196
389 1077 417 1123 a.
435 1056 508 1122 (ihr.
525 1077 555 1121 n.
579 1057 614 1121 P.
639 1057 772 1140 Villius,
796 1058 832 1122 P.
855 1058 1024 1134 Lentulus,
1056 1057 1092 1122 P.
1116 1058 1287 1124 Terentius
1317 1077 1388 1122 cum
1418 1077 1457 1122 eo

304 1166 529 1227 convenerant.
580 1157 665 1237 Quid
695 1161 890 1242 agitaverint
918 1159 1004 1242 apud
1035 1159 1227 1226 Antiochum
1261 1177 1458 1241 quamquam

303 1283 367 1330 non
390 1263 582 1344 accepimns,
605 1267 710 1326 tamen
730 1261 770 1328 de
785 1262 927 1328 foederis
943 1260 1185 1327 condicionibus
1200 1267 1370 1326 tractatum
1386 1279 1458 1328 esse

304 1365 458 1447 colligere
487 1365 563 1430 licet
585 1383 603 1429 e
625 1363 761 1430 Diodori
784 1363 935 1428 XXVIII.
955 1367 992 1426 15
1016 1364 1133 1447 verbis,
1157 1363 1272 1445 quibus
1296 1363 1456 1428 Romano-

303 1487 373 1532 rum
390 1467 553 1550 postulata
567 1467 756 1548 singillatim
773 1472 1011 1531 enumerantur:
1027 1467 1209 1530 annuerim
1224 1465 1283 1528 196
1296 1485 1325 1529 a.
1337 1462 1411 1530 Chr.
1425 1485 1455 1530 n.

304 1569 442 1652 Polybio
466 1568 585 1632 XVIII.
603 1571 642 1630 50
656 1587 703 1649 sq.
727 1568 794 1646 (cir.
817 1569 888 1633 Liv.
918 1566 1073 1632 XXXIII.
1091 1570 1130 1633 39
1144 1567 1205 1649 sq.)
1230 1573 1310 1632 teste
1340 1565 1456 1632 eadem

303 1672 419 1753 legatis
442 1691 462 1734 a
483 1677 596 1736 senatu
619 1669 728 1734 delata
750 1690 813 1735 non
837 1689 907 1736 esse
930 1669 1088 1736 videntur.

388 1771 566 1838 Antiochus
595 1779 717 1855 autem,
746 1779 918 1855 postquam
941 1771 1039 1837 hosce
1061 1772 1186 1853 legatos
1208 1771 1328 1836 infecta
1348 1789 1384 1836 re
1407 1771 1456 1835 di-

303 1875 405 1956 misit,
429 1875 631 1959 Menippum,
654 1875 939 1958 Hegesianaotem‚
968 1875 1099 1958 Lysiam
1109 1876 1133 1948 ²)
1155 1874 1291 1938 Romam
1317 1891 1351 1938 se
1382 1891 1457 1938 con·

302 1977 385 2042 ferre
408 1978 509 2061 lussit,
533 1978 588 2060 qui
609 1978 751 2060 spectem
767 1975 897 2060 quidem
911 1977 1104 2061 praeberent
1119 1975 1281 2041 amicitiae
1296 1973 1456 2058 petendae

304 2079 549 2163 iungendaeqne
572 2081 744 2162 societatis,
768 2100 839 2145 cum
862 2097 897 2142 re
920 2097 998 2143 vera
1019 2078 1054 2145 id
1076 2078 1179 2144 solum
1206 2082 1399 2160 spectarent,
1421 2083 1457 2141 nt

303 2189 432 2249 senatus
457 2184 654 2248 voluntatem
677 2183 892 2265 explorarent,
916 2181 1010 2247 sicuti
1032 2182 1116 2265 App.
1142 2179 1213 2264 Syr.
1238 2183 1257 2244 6
1285 2180 1455 2263 perspicue

303 2282 395 2352 dicit:
409 2285 442 2348 οἳ
454 2285 503 2366 τῷ
515 2283 574 2366 μὲν
587 2281 671 2367 ἔργῳ
683 2285 742 2370 τῆς
752 2283 874 2367 βουλῆς
887 2274 1134 2367 ἀποπειράσων
1147 2279 1293 2364 ἔμελλον,
1306 2282 1355 2364 τῴ
1368 2278 1455 2365 λόγῳ

303 2377 335 2448 d'
362 2379 585 2461 dMe'arrrrcog
608 2383 672 2471 ’ἐφη
695 2382 753 2448 τὸν
778 2383 920 2466 βασιλέα
946 2385 1026 2467 περὶ
1049 2380 1107 2466 τὴν
1130 2378 1310 2466 Ῥωμαίων
1337 2383 1455 2468 φιλίαν

303 2483 536 2551 ἐσπουδακότα
562 2487 617 2550 καὶ
640 2483 842 2568 βουλόμενον
866 2477 979 2561 αὐτοῖς
1010 2481 1096 2551 εἶναι
1126 2487 1180 2550 καὶ
1211 2483 1384 2568 σύμμαχον
1415 2475 1456 2550 ‹iv

303 2580 423 2664 ἀξιῶσι
441 2589 508 2652 κτλ.
553 2588 625 2667 Quo
646 2589 781 2655 consilio
798 2609 870 2654 cum
886 2588 1020 2653 Romam
1037 2591 1210 2670 venissent,
1234 2589 1314 2673 qnid
1330 2590 1456 2673 mirum,

302 2692 389 2775 quod
402 2691 516 2757 foedus
525 2711 596 2757 cum
609 2691 730 2774 populo
741 2691 886 2756 Romano
899 2710 962 2755 non
977 2691 1150 2757 convenit?
1173 2693 1325 2758 Romanis
1337 2699 1457 2774 autem,

303 2815 374 2861 cum
394 2795 443 2860 illi
466 2794 552 2860 dlem
577 2813 618 2860 ex
641 2793 694 2859 die
718 2793 880 2875 ducerent,
904 2792 1029 2875 legatos
1050 2793 1092 2858 ad
1111 2793 1306 2860 Antiochum
1329 2795 1457 2861 mittere

302 2899 425 2980 placuit
440 2897 581 2979 eosdem,
605 2897 660 2978 qui
676 2894 903 2979 Lysimachiae
919 2897 1053 2973 fuerant,
1077 2896 1113 2960 P.
1130 2895 1317 2979 SulpIcium,
1342 2896 1376 2960 P.
1392 2897 1455 2962 Vil·

301 3000 395 3082 linm,
428 3001 462 3065 P.
486 2997 651 3076 Aelium³t
682 2997 749 3070 (cfr.
773 2996 843 3061 Liv.
867 2997 1022 3061 XXXIII.
1046 2999 1096 3060 59.
1122 2999 1169 3080 8),
1205 2999 1260 3080 qui
1282 2998 1369 3080 apud
1393 2999 1456 3063 An·

390 3205 412 3266 1)
432 3203 481 3254 cl'r.
499 3199 612 3254 Nissen:
631 3201 648 3253 l.
662 3199 680 3254 l.
699 3216 726 3268 p.
744 3203 800 3254 lot.
835 3200 873 3254 Et
891 3198 921 3252 P.
934 3197 1032 3253 Villius
1050 3201 1078 3252 et
1095 3198 1125 3254 P.
1139 3199 1276 3268 Sulpicius
1293 3215 1327 3254 ex
1346 3215 1456 3254 numero

302 3287 396 3340 decem
412 3285 562 3352 legatorum
580 3290 665 3350 erant,
684 3285 731 3354 qui
751 3290 813 3354 post
834 3283 935 3338 bellum
953 3284 1161 3339 Macedonicum
1177 3287 1206 3340 ιιι
1224 3284 1365 3340 Graeciam
1382 3285 1457 3338 missi

302 3376 365 3426 sunt
382 3369 442 3435 (clr.
456 3369 514 3422 Liv.
527 3369 655 3423 XXXIII.
670 3373 711 3423 91.
726 3374 752 3434 t)
771 3375 851 3438 atque
869 3369 937 3432 illos,
957 3385 1017 3422 cum
1031 3383 1102 3423 anno
1118 3373 1165 3425 195
1179 3386 1204 3426 a.
1220 3369 1281 3425 Ohr.
1295 3387 1322 3424 n.
1352 3369 1456 3424 Romae

303 3472 350 3511 eos
367 3454 487 3510 adfuisse
506 3456 622 3508 sciamus
640 3455 699 3519 (ιιι.
714 3453 907 3510 Weissenborn
925 3453 960 3507 ad
980 3452 1038 3508 Liv.
1053 3455 1180 3510 XXXIII.
1200 3460 1242 3510 11.
1257 3461 1271 3510 5
1291 3462 1317 3510 et
1329 3453 1455 3508 XXXIV.

303 3545 345 3596 33.
367 3545 416 3606 12),
435 3540 529 3595 eodem
548 3556 619 3595 anno
637 3541 775 3609 profectos
792 3555 852 3594 esse
869 3540 897 3593 in
915 3539 1009 3594 Asiam
1027 3545 1177 3596 statuentes
1194 3542 1239 3596 vix
1256 3540 1412 3594 errabimus.

387 3632 411 3686 u
430 3627 479 3682 cfr.
498 3626 556 3681 Liv.
575 3625 700 3680 XXXIV.
720 3630 762 3679 57.
780 3631 808 3693 ⁶3
828 3625 907 3680 Diod.
927 3624 1054 3680 XXVIII.
1078 3631 1121 3688 1⁵3
1139 3627 1212 3696 App.
1232 3625 1291 3696 Syr.
1310 3629 1334 3678 6.

388 3718 412 3776 3)
432 3712 506 3766 Idem
524 3713 570 3764 hio
587 3710 620 3766 P.
636 3711 732 3766 Aelius
750 3711 860 3766 Tubero
878 3727 950 3766 anno
971 3715 1019 3766 189
1037 3726 1062 3765 a.
1077 3710 1139 3766 Chr.
1154 3727 1180 3766 n.
1199 3711 1228 3766 ln
1246 3711 1339 3764 Asiam
1357 3710 1393 3764 ad
1412 3725 1455 3764 res

302 3798 503 3866 componendas
516 3812 577 3850 cum
590 3811 686 3850 novem
699 3797 760 3850 aliis
778 3796 872 3863 legans
885 3797 983 3852 missus
1001 3802 1049 3852 est.
1087 3799 1137 3864 Eo,
1157 3813 1235 3867 quem
1248 3797 1328 3851 modo
1340 3795 1456 3855 laudari.

302 3882 361 3936 loco
380 3881 495 3936 Liuiano
512 3881 542 3936 P.
561 3882 655 3936 Aelius
673 3883 771 3936 tertius
789 3881 945 3949 adiungitur
963 3882 994 3938 P.
1013 3882 1094 3938 Villio
1118 3887 1146 3938 et
1164 3881 1195 3936 P.
1215 3881 1349 3951 Sulpicio:
1368 3887 1397 3936 at
1415 3880 1456 3934 ni·

301 3967 446 4022 hilominus
471 3967 520 4022 viri
544 3967 616 4022 docti
642 3967 810 4022 contendunt
832 3968 891 4022 eius
915 3983 1012 4022 nomen
1039 3983 1054 4021 e
1078 3975 1207 4023 contextu
1229 3967 1371 4021 verborum
1396 3981 1456 4020 essa

301 4052 503 4116 removendum,
522 4053 654 4121 quiahoc
673 4069 727 4108 uno
745 4053 806 4107 loco
825 4057 1047 4108 commemoretur
1070 4067 1102 4106 ac
1126 4057 1221 4121 postea
1245 4067 1333 4106 sermo
1351 4059 1456 4106 tantum

301 4138 336 4191 stt
354 4137 387 4190 de
404 4136 435 4190 P.
449 4137 530 4191 Villio
549 4143 576 4192 et
594 4137 623 4192 P.
638 4137 766 4208 Sulpicio.
803 4137 855 4192 Sed
873 4138 948 4191 illum
968 4153 1029 4193 cnm
1048 4137 1077 4192 P.
1094 4137 1172 4192 Villio
1192 4141 1219 4192 et
1237 4137 1267 4192 P.
1281 4137 1402 4206 Sulpicio
1420 4137 1455 4191 nd
