3344 5008
824 391 1035 450 ..20-

351 561 534 646 propiorem
569 579 627 643 per
658 556 894 640 Dyrrhachium
931 559 1092 641 ingressos
1123 575 1194 624 esse
1223 576 1287 622 non
1316 559 1388 624 sine
1418 560 1511 624 veri-

352 663 427 729 tatis
450 663 560 747 specie
576 668 634 745 est,
657 661 810 744 adquam
828 660 1069 744 conficiendam,
1085 661 1112 726 si
1129 658 1318 726 Strabonem
1338 667 1511 728 auctorem

352 765 525 849 sequimur,
548 770 634 831 certe
649 763 692 830 ad
707 764 821 847 viginti
837 769 961 847 septem
978 763 1048 830 dies
1065 782 1144 845 opus
1162 768 1252 829 erant
1270 782 1348 830 sane
1371 764 1510 828 remotis

352 864 594 933 difficultatibus
617 872 649 933 et
671 866 925 949 impedimentis,
956 885 1038 948 quae
1061 870 1136 932 tunc
1158 865 1290 948 quidem
1313 867 1510 948 saepissime

352 968 616 1036 interveniebant

437 1072 604 1155 Attamen,
634 1075 669 1136 ut
690 1070 801 1136 Livius
824 1071 845 1134 l.
869 1071 890 1133 l.
912 1069 1072 1154 prodidit,
1103 1070 1229 1136 litterae
1252 1090 1272 1135 a
1294 1069 1332 1134 Τ.
1351 1067 1508 1147 Quinctio

353 1174 491 1259 scriptae
507 1175 596 1240 exitu
612 1173 740 1240 demum
757 1173 832 1238 anni
848 1179 880 1238 et
896 1171 987 1238 brevi
1003 1177 1075 1256 post
1095 1173 1194 1256 legati
1211 1179 1243 1237 et
1264 1193 1284 1238 a
1300 1173 1337 1237 Τ.
1354 1169 1510 1248 Quinctio

354 1283 387 1342 et
408 1296 429 1342 a
450 1296 526 1360 rege
548 1276 702 1360 Philippo
717 1276 851 1342 Romam
876 1281 1040 1357 venerunt,
1063 1273 1120 1340 sed
1144 1281 1316 1357 antequam
1338 1275 1373 1339 L.
1390 1273 1511 1341 Furius

352 1379 510 1462 Purpurio
533 1377 799 1445 cruciandus
821 1376 991 1443 Marcellus
1014 1377 1152 1443 inierunt
1174 1377 1384 1443 consulatum.
1422 1377 1509 1443 Nar-

353 1481 438 1547 ravit
469 1488 577 1548 sutem
612 1480 767 1564 Polybius
798 1479 917 1544 XVIll.
948 1480 988 1541 42
1023 1479 1147 1563 legatos
1180 1478 1317 1545 claudio
1350 1480 1508 1546 Marcello

354 1584 485 1649 consule
508 1585 643 1650 Romam
668 1583 855 1668 pervenisse
878 1582 899 1646 i.
923 1601 961 1664 e.,
985 1583 1012 1647 si
1034 1581 1070 1646 L.
1094 1582 1209 1647 Furius
1238 1586 1270 1647 et
1292 1582 1333 1646 M.
1350 1581 1509 1649 claudius

354 1686 575 1767 magistratum
598 1685 773 1752 secundum
796 1685 882 1750 illius
897 1685 1012 1751 aetatis
1035 1687 1214 1760 (532-600
1236 1705 1265 1749 a.
1283 1704 1312 1749 ιι.
1329 1687 1367 1762 c.)
1384 1705 1509 1751 morem

354 1787 429 1853 inde
452 1788 493 1853 ab
517 1788 627 1854 Idibus
650 1787 774 1853 Martiis
803 1792 971 1871 gesserunt
985 1787 1018 1869 ¹),
1040 1795 1115 1872 post
1144 1786 1190 1853 ld.
1215 1787 1307 1852 Mart.
1330 1787 1405 1852 anni
1427 1808 1457 1853 a.
1474 1808 1507 1853 ιι.

354 1909 380 1954 c.
406 1891 477 1954 558.
523 1888 613 1967 Quae
642 1888 816 1956 abhorrent
844 1911 865 1956 a
893 1890 967 1955 Livi
996 1890 1120 1973 verbis,
1151 1887 1203 1954 hic
1231 1909 1294 1954 nun
1323 1889 1507 1976 Polybium,

353 1990 413 2058 sed
434 1993 596 2058 annalium
620 1993 806 2076 scriptorem
829 1997 956 2058 secutus
979 1998 1027 2058 est
1049 2026 1090 2036 —
1119 1991 1345 2057 Weissenborn
1368 1991 1411 2057 ad
1434 1992 1506 2058 Liv.

355 2116 381 2161 c.
405 2098 456 2160 25.
483 2102 496 2161 1
528 2095 696 2162 adnotavit
724 2093 794 2176 (cfr.
820 2095 916 2160 etiam
939 2093 1009 2159 Liv.
1032 2093 1185 2160 XXXVI.
1211 2096 1260 2158 36.
1286 2098 1316 2171 4)
1340 2092 1421 2160 haec
1442 2116 1509 2161 non

355 2217 396 2263 ex
412 2195 450 2274 Q.
467 2197 577 2265 Valeri
593 2197 732 2264 Antiatis
748 2197 916 2264 annalibus
932 2215 1079 2263 manasse
1102 2229 1143 2241 -
1166 2216 1240 2261 nam
1257 2215 1305 2279 ea,
1329 2215 1412 2279 quae
1434 2198 1507 2265 bre·

356 2300 437 2365 viter
467 2306 499 2365 et
526 2319 637 2384 presse
666 2300 708 2366 de
737 2298 832 2364 rebus
862 2299 1015 2366 Romanis
1045 2300 1077 2364 in
1107 2299 1266 2383 capitibus
1301 2301 1426 2364 23-25
1450 2320 1507 2367 ex·

353 2401 471 2486 posuit,
495 2421 536 2468 ex
557 2402 722 2468 annalium
745 2401 900 2484 scriptore
922 2398 1054 2468 fluxisse
1077 2402 1189 2486 negari
1211 2421 1275 2470 non
1298 2405 1448 2486 potestb.

442 2625 466 2689 1)
485 2620 533 2677 cir.
553 2620 609 2676 Th.
627 2620 824 2676 Mommsen:
850 2618 901 2674 Die
919 2619 1053 2676 romische
1072 2620 1250 2690 Ohronclogie
1268 2621 1308 2678 bis
1326 2622 1377 2677 suf
1394 2623 1506 2682 Caesar.

356 2708 446 2764 Berol.
468 2711 534 2763 1859
552 2725 578 2778 p.
592 2711 641 2762 102
651 2723 710 2777 sqq.

442 2798 467 2860 2)
484 2793 632 2862 Postquam
650 2794 720 2848 enim
738 2791 902 2862 triumphis
920 2791 950 2847 G.
970 2791 1094 2846 Cornelio
1113 2791 1230 2861 Cethego
1249 2795 1360 2849 consule
1377 2795 1411 2851 de
1428 2797 1508 2852 lnsn·

355 2880 449 2936 bribus
468 2880 682 2948 Cenomanisque
698 2878 726 2932 in
744 2877 903 2947 magistratu
922 2883 949 2934 et
966 2893 983 2932 a
1001 2876 1032 2945 Q.
1046 2877 1167 2932 Minucio
1187 2878 1259 2934 Rufo
1278 2881 1390 2936 consule
1408 2881 1442 2936 de
1459 2881 1509 2936 Li·

356 2967 468 3033 guribus
486 2965 605 3034 Boisque
618 2964 702 3018 Gallis
721 2965 748 3018 in
766 2970 859 3019 monte
871 2965 978 3019 Albano
991 2963 1046 3016 acti
1058 2968 1158 3028 essent,
1176 2964 1330 3020 consularia
1348 2967 1456 3021 comitis
1472 2968 1510 3022 ad

356 3049 487 3105 creandos
507 3049 645 3117 consules,
664 3064 733 3118 quse
751 3064 842 3104 mense
860 3049 985 3104 ianuario
1003 3049 1066 3102 inde
1083 3049 1118 3102 ab
1137 3063 1207 3103 anno
1228 3053 1277 3103 532
1297 3065 1382 3120 usque
1400 3051 1436 3106 ad
1454 3056 1507 3106 600

356 3151 381 3190 a.
396 3152 422 3190 u.
437 3150 461 3190 c.
480 3134 554 3189 iacta
572 3149 631 3189 esse
650 3134 707 3189 Tb.
726 3135 930 3190 Mommsen:
950 3133 1110 3189 Rbmisches
1129 3135 1298 3189 Staatsreclrt
1313 3135 1336 3192 I.
1349 3152 1376 3206 p.
1388 3141 1438 3192 564
1447 3153 1507 3208 sqq.

357 3220 558 3286 demonstravit,
577 3233 636 3274 esse
654 3220 747 3274 habita
765 3219 858 3275 Livius
876 3221 1031 3276 brevissime
1049 3219 1182 3289 exposuit.
1215 3221 1320 3276 Deinde
1333 3221 1408 3276 exitu
1420 3222 1508 3278 ferme

357 3305 422 3360 anni
445 3306 472 3359 h.
492 3321 515 3359 e.
541 3305 614 3359 exitu
642 3305 706 3360 anni
734 3304 884 3360 consularis
911 3305 1029 3362 tortasse
1055 3321 1147 3360 mense
1175 3307 1324 3363 Februarlc
1352 3307 1394 3362 vel
1420 3309 1507 3378 primo

357 3389 458 3445 Martio
476 3390 539 3445 anni
562 3406 587 3446 a.
608 3409 633 3446 u.
654 3407 677 3447 c.
698 3396 746 3445 557
771 3390 875 3446 litteras
899 3391 959 3447 illas
982 3407 1000 3446 a
1019 3392 1051 3447 T.
1071 3391 1196 3458 Quinctio
1214 3392 1328 3447 Romam
1351 3394 1458 3450 venisse
1481 3397 1510 3450 et

356 3479 470 3547 primum
489 3491 506 3530 a
523 3475 561 3530 M.
581 3476 673 3545 Sergio
701 3483 827 3547 praetore
843 3476 872 3531 in
890 3483 999 3544 senatu,
1017 3478 1113 3533 deinde
1130 3479 1158 3531 in
1183 3479 1309 3534 contione
1333 3481 1463 3536 recitatas
1480 3489 1510 3537 et

357 3563 393 3618 ob
420 3577 463 3617 res
490 3577 618 3631 prospere
644 3569 734 3632 gestas
761 3563 789 3617 in
816 3565 873 3618 dies
903 3564 1021 3632 quinque
1048 3563 1259 3632 supplicationes
1287 3564 1411 3620 decretas
1438 3581 1507 3622 esse.

357 3647 437 3703 Brevi
454 3653 519 3717 post
541 3648 644 3717 legatos
662 3652 689 3702 et
713 3665 729 3704 a
747 3649 778 3702 T.
798 3649 923 3717 Quinctio
942 3655 969 3703 et
987 3664 1003 3703 a
1021 3663 1083 3715 rege
1101 3648 1227 3718 Philippo
1250 3649 1392 3705 advenisse
1410 3658 1436 3706 et
1451 3655 1509 3707 tum

358 3750 418 3788 cum
441 3734 619 3788 Macedonum
643 3734 738 3804 legatis
763 3735 795 3790 de
813 3735 890 3804 pacis
909 3733 1112 3790 condicionibus
1134 3738 1280 3790 tractatum
1304 3740 1332 3790 et
1354 3751 1427 3792 more
1450 3751 1507 3792 ma-

357 3821 442 3874 iorum
467 3819 560 3874 decem
585 3819 701 3887 legatos,
725 3836 839 3889 quorum
863 3838 897 3876 cx
926 3820 1039 3876 consilio
1061 3820 1093 3875 Τ,
1112 3821 1254 3888 Quinctius
1271 3821 1419 3891 imperator
1436 3823 1508 3892 leges

357 3905 433 3975 pacis
461 3904 588 3974 Philippo
621 3907 705 3974 daret,
735 3920 795 3960 esse
824 3906 933 3962 electos.
978 3908 1021 3961 Ad
1051 3913 1212 3974 extremum,
1242 3911 1273 3962 ut
1302 3907 1392 3963 facere
1430 3910 1507 3976 solet,

358 3991 451 4046 Livius
469 3991 564 4059 paucis
578 3990 665 4046 verbis
683 3991 767 4045 relert
782 3992 897 4047 deludis
910 3992 1039 4049 Romanis
1052 3993 1086 4048 ab
1100 3993 1232 4048 aedilibus
1245 3993 1384 4049 curulibus
1396 3993 1427 4047 P.
1442 3995 1508 4050 Cor·

357 4077 427 4132 nebo
446 4075 571 4146 Scipione
598 4080 626 4131 et
643 4077 690 4132 Cn.
710 4077 812 4132 Manlio
832 4078 950 4134 Vulsone
974 4085 1001 4133 et
1024 4080 1056 4133 de
1080 4080 1151 4134 ludis
1169 4079 1280 4149 plebeiis
1304 4073 1386 4136 aM'
1422 4081 1509 4138 Acilio

358 4164 504 4218 Glabrione
532 4167 558 4216 et
582 4161 611 4216 C.
637 4161 730 4218 Laelio
758 4164 846 4220 lactis.
890 4163 993 4232 Quibus
1020 4163 1054 4218 de
1080 4165 1150 4220 ludis
1178 4164 1306 4220 Romanis
1333 4181 1395 4221 cum
1422 4168 1508 4224 dicat:
