3308 5000
649 381 862 443 ..39-

183 567 283 615 navas
306 548 523 633 appulissent,
546 548 800 632 impediverunt,
830 550 999 633 quominus
1022 547 1201 616 Antiochus
1224 552 1336 620 urbem

183 657 384 735 expugnaret
396 654 426 730 ¹).
471 650 555 716 Nam
578 649 766 732 Antiochus,
789 652 844 718 uhi
867 653 1004 735 primum
1027 671 1082 719 eos
1104 671 1207 736 prope
1229 673 1337 722 acces·

183 754 263 820 sisse
285 752 422 837 audivit,
443 753 486 819 ab
509 753 637 836 incepto
660 751 783 821 destitit
805 761 838 821 et
856 755 1048 840 peruastatis
1064 754 1151 838 agris
1168 755 1336 839 Peraeam,

183 854 449 940 Mytilenaeorum
477 854 653 938 coloniam,
687 858 902 941 expugnavit,
937 854 1013 922 dein
1032 845 1183 940 ‘Cotton',
1206 862 1241 922 nt
1262 858 1336 924 Livi

183 957 286 1041 ipsius
309 957 417 1025 verbis
439 963 512 1022 utar
539 962 577 1033 (c.
595 959 645 1022 21.
663 961 710 1040 5),
737 950 783 1024 ‘et
805 957 983 1042 Corylenus
1013 963 1046 1024 et
1067 956 1282 1042 Aphrodisias
1306 967 1338 1026 et

183 1059 302 1125 Prinne
325 1059 430 1143 primo
451 1059 574 1145 impetn
597 1065 710 1144 captae
733 1066 822 1144 sunt;
844 1058 921 1126 inde
946 1078 1005 1144 per
1019 1059 1208 1145 Thyatiram
1224 1060 1337 1129 Sardis

182 1151 304 1228 rediit'.

269 1261 413 1342 Quorum
429 1262 621 1348 oppidorum
634 1263 760 1347 (lotton,
777 1263 965 1348 Corylenus,
979 1263 1204 1350 Aphrodisias,
1219 1265 1336 1334 Prinne

182 1386 246 1432 non
270 1371 439 1434 occurrunt
460 1365 548 1450 apud
570 1372 697 1432 veteres
719 1373 882 1448 auctores,
904 1367 966 1433 nisi
989 1366 1051 1433 hoc
1073 1386 1136 1434 ono
1159 1366 1232 1433 Livi
1254 1370 1336 1447 loco,

183 1487 224 1534 ex
247 1487 311 1552 quo
333 1467 367 1532 id
390 1466 528 1534 eflicitur
548 1468 607 1534 illa
629 1468 692 1534 sita
705 1468 804 1535 fuisse
821 1468 903 1536 inter
917 1468 1163 1552 Adramytteum
1180 1476 1213 1536 et
1227 1470 1335 1555 Thya·

183 1570 285 1637 tiram.
330 1568 400 1635 Iam
424 1589 502 1637 vero
524 1589 583 1636 nos
605 1570 736 1636 intentis
759 1569 860 1637 oculis
882 1570 1112 1654 perlustrantes
1135 1570 1217 1638 hanc
1232 1573 1336 1655 ipsam

182 1673 348 1755 regionem
376 1673 410 1736 in
439 1672 584 1755 optimis,
616 1690 699 1755 qnae
721 1677 851 1756 praesto
873 1677 959 1754 sunt,
983 1672 1118 1755 tabulis,
1145 1692 1210 1738 non
1232 1680 1339 1757 potent

182 1775 294 1858 lugere
310 1774 484 1841 maximam
499 1775 699 1840 intercedere
714 1773 957 1840 similitudinem
972 1775 1055 1841 inter
1076 1793 1141 1857 aas,
1165 1794 1249 1859 quae
1263 1775 1337 1841 Livi

184 1876 350 1944 codicibus
373 1873 575 1958 exhibentur,
598 1876 761 1942 nominum
784 1875 902 1943 formas
918 1883 951 1942 et
965 1877 1047 1944 alias
1063 1876 1230 1960 quasdam,
1254 1898 1337 1960 quae

184 1978 318 2044 aliunde
339 1984 434 2044 notae
457 1984 597 2062 suntal
618 1978 759 2062 suspicio
775 1986 1014 2045 commoveatur
1036 1977 1238 2043 librariorum
1261 1973 1337 2046 stul·

182 2081 253 2146 titia
275 2079 467 2164 oppidorum
490 2080 649 2146 vocabula
671 2081 752 2144 vitia
773 2080 919 2146 traxisse.

269 2182 375 2264 Atque
397 2182 535 2265 primum
558 2181 689 2264 quidem
712 2187 850 2248 statuam
873 2181 1042 2248 cottonem
1065 2201 1136 2248 esse
1152 2180 1334 2250 Certoninm

182 2285 237 2349 vel
260 2281 443 2368 Oertonum,
467 2283 554 2368 quod
577 2282 742 2367 oppidum,
766 2289 800 2350 ut
822 2282 959 2368 videtur,
982 2283 1177 2367 aPergamo
1200 2282 1243 2350 ad
1265 2304 1335 2368 sep·

179 2385 383 2452 temtrionem
407 2405 519 2452 versus
542 2386 625 2451 inter
640 2385 886 2470 Adramytteum
905 2392 937 2452 et
952 2386 1142 2472 Thyatiram
1166 2384 1293 2452 iacebat
1302 2390 1335 2463 ²).

182 2486 343 2570 Scriptum
364 2494 473 2554 autem
495 2488 594 2554 fuisse
617 2495 694 2571 puto
721 2488 809 2572 apud
830 2488 1002 2572 Polybium
1023 2479 1239 2571 ‘Iisprclvrov'
1272 2487 1337 2562 (vel

181 2586 385 2674 Κερτωνός),
420 2590 506 2674 quod
535 2590 659 2656 librarii
682 2590 848 2657 cuiusdam
870 2591 1039 2658 inscientia
1061 2591 1141 2657 abiit
1163 2592 1195 2656 in
1215 2582 1337 2656 ‘Cotto-

182 2683 276 2757 nium'
303 2691 508 2774 (Cottonum),
531 2691 616 2758 unde
637 2712 707 2758 cum
733 2693 958 2774 compendium
981 2693 1198 2776 adhiberetur,
1222 2691 1336 2757 Cotton

180 2801 289 2860 natum
314 2801 371 2861 est

267 2895 405 2978 Deinde,
420 2895 515 2979 ⁴quod
537 2898 652 2962 attinet
673 2895 715 2962 ad
729 2888 948 2979 ‘Corylenus',
972 2895 1006 2961 id
1021 2915 1119 2961 unum
1133 2896 1336 2978 exploratum

183 2997 288 3065 habeo
310 3018 374 3064 non
397 2998 571 3082 significari
600 3000 658 3064 illa
686 2999 803 3065 vocula
832 2999 943 3064 urbem
964 2997 1086 3082 ipsam,
1116 2997 1173 3064 sed
1196 2997 1335 3063 incolam

183 3098 295 3183 oppidi
312 3099 490 3184 cuiusdam,
514 3102 566 3168 cui
581 3099 690 3167 neseio
705 3120 747 3166 an
761 3120 879 3166 nomen
894 3100 991 3167 luerit
1006 3099 1208 3182 Gorylaeoni.
1243 3098 1337 3164 Ultra

270 3441 293 3499 1)
314 3437 477 3492 Mommsen:
501 3437 554 3492 1.1.
579 3437 601 3491 1.
619 3453 647 3506 p.
665 3441 716 3492 734
732 3437 772 3490 ita
789 3436 909 3506 loquitur
927 3437 990 3504 „die
1009 3435 1144 3490 romische
1165 3435 1257 3489 Flottc
1273 3434 1337 3502 ging

183 3524 254 3578 nach
272 3524 358 3578 Elaea
377 3523 432 3578 und
451 3522 511 3576 dem
529 3521 617 3576 Halen
635 3538 687 3576 von
700 3522 890 3592 AdramyttIon
908 3538 953 3576 nm
972 3522 1022 3576 den
1042 3521 1284 3587 Bnndesgenossen
1302 3537 1337 3574 zu

183 3606 286 3676 bellem
311 3608 391 3662 allein
410 3608 446 3662 da
463 3623 492 3662 es
511 3608 570 3662 dem
588 3607 710 3661 Admiral
731 3622 766 3661 an
785 3607 914 3675 Truppen
931 3607 1030 3670 fehltc,
1055 3606 1169 3660 riobtete
1194 3620 1224 3658 er
1247 3605 1336 3659 nichts

182 3696 260 3747 aus.“
295 3693 370 3761 Quae
388 3694 462 3748 houd
479 3695 546 3748 satis
564 3700 638 3747 recte
655 3693 780 3747 ridentur
797 3707 857 3746 esse
880 3693 1001 3760 prolata,
1026 3708 1088 3745 cnm
1107 3691 1291 3745 Romanorum
1310 3697 1337 3744 et

182 3776 313 3834 Eumenis
337 3778 472 3847 expeditio
495 3777 579 3833 fuerit
608 3793 664 3833 non
690 3779 775 3832 irrita.
812 3777 881 3836 Nam
908 3777 1060 3830 Antiochus
1087 3776 1194 3830 illorum
1220 3776 1337 3830 adventu

182 3872 320 3931 permotus
338 3865 372 3917 ab
385 3863 561 3931 Adramytteo
580 3863 704 3918 discessit
721 3864 794 3918 etin
811 3861 953 3915 interiores
972 3866 1060 3916 terrae
1077 3866 1170 3931 partes
1189 3877 1218 3915 se
1234 3860 1337 3929 recepit

182 3948 241 4006 tcfr.
260 3948 319 4002 Lis.
338 3947 478 4003 XXXVII.
498 3952 538 4001 21.
558 3953 592 4011 t).

269 4054 295 4114 2)
313 4049 362 4104 cfr.
381 4051 412 4103 H.
432 4049 588 4118 Kiopert:
614 4049 705 4106 Neuer
722 4049 800 4105 Atlas
819 4065 869 4103 von
887 4050 981 4105 Hellas
1003 4050 1059 4103 und
1084 4048 1135 4103 den
1153 4047 1335 4103 hellenischcn

184 4134 312 4190 colonien
330 4135 357 4188 in
375 4135 426 4191 XV
444 4135 567 4190 Blltttern
586 4135 675 4191 Berol.
697 4139 769 4200 1879,
788 4136 844 4190 tab.
863 4136 911 4191 IX.
