3308 5000
804 387 1014 448 ‚64-

334 570 418 634 esse,
442 571 514 618 cum
527 552 653 619 Achaei
668 553 777 618 Nabin
790 553 825 618 in
839 551 1118 619 lacedaemonem
1132 554 1333 620 includerent
1355 561 1388 620 et
1407 573 1487 639 opus

334 661 420 722 essct
450 661 621 737 brennum
643 655 792 722 omnibu's
819 657 966 738 privare,
994 674 1079 737 quae
1101 655 1144 720 ad
1166 657 1288 722 bellum
1309 655 1487 739 gerendum

329 757 518 822 neccmaria
550 765 666 823 meent.
719 758 834 839 Neque
864 765 973 824 tamen
995 758 1228 839 Philopoemen
1261 759 1333 841 ipse
1366 759 1488 842 oppida

333 859 437 942 cepit:
460 861 578 926 etenim
600 861 700 926 altum
722 859 765 926 de
788 859 838 924 his
862 860 959 926 rebus
980 860 1143 926 silentium
1165 859 1254 942 apud
1268 859 1409 942 Livium,
1431 860 1486 943 qui

329 961 478 1044 alioquin
500 962 617 1028 multus
641 968 690 1029 ast
711 963 744 1026 in
760 961 1023 1044 Philopoemenis
1037 962 1134 1028 rebus
1149 961 1346 1028 enarrandis
1373 961 1487 1044 ltaque

333 1082 405 1128 cum
429 1063 471 1129 de
493 1062 634 1130 Achaeis
662 1085 726 1130 non
748 1065 846 1130 liceat
874 1064 1016 1145 cogitare
1023 1113 1034 1146 ,
1064 1065 1111 1128 nil
1138 1065 1297 1146 reliquum
1328 1069 1392 1145 eet,
1425 1064 1487 1130 uisi

332 1173 368 1230 ιιι
381 1166 580 1248 refugiamus
594 1165 638 1231 ad
652 1167 829 1232 Eumenem
844 1173 877 1231 et
888 1167 926 1230 A.
938 1166 1073 1231 Atilium
1088 1166 1201 1232 classis
1216 1165 1381 1232 Romanae
1395 1183 1488 1248 prae

333 1266 461 1332 fectum.
507 1269 548 1334 Iit
569 1276 643 1334 sunt
671 1269 830 1353 profecto,
862 1268 977 1352 quibus
1007 1267 1087 1334 haec
1116 1269 1300 1332 coniectura
1327 1268 1488 1335 fulciatur.

333 1369 446 1436 Altera
468 1389 567 1437 causa
588 1371 671 1438 haec
693 1379 756 1436 est:
780 1371 1022 1436 Dedicaverunt
1036 1370 1189 1434 Eumenis
1211 1369 1298 1450 regis
1312 1369 1432 1434 milites
1455 1369 1488 1434 iu

332 1472 470 1553 patriam
501 1475 623 1539 reversi
655 1474 827 1559 praedam,
861 1492 944 1554 qnae
977 1472 1108 1537 ubinam
1138 1472 1317 1554 comparari
1346 1473 1488 1554 potuerit

333 1575 396 1639 nisi
420 1575 453 1639 in
477 1573 606 1659 oppidis
634 1576 802 1640 maritimis
832 1575 1025 1657 expugnatis
1052 1592 1116 1640 non
1143 1574 1314 1656 perspicio.
1360 1571 1487 1638 Deinde

333 1675 550 1742 Romanorum
575 1678 711 1744 classem
727 1679 765 1742 A.
782 1677 883 1741 Atilio
905 1683 1053 1758 praetore
1076 1677 1175 1748 multo
1197 1683 1283 1758 ante,
1306 1695 1403 1758 qnam
1427 1675 1488 1740 viri

333 1775 421 1843 docti
444 1777 552 1843 adbuc
575 1787 781 1862 censuerunt,
815 1781 849 1845 in
870 1778 1041 1844 Graeciam
1071 1777 1243 1844 advenisse
1273 1783 1367 1862 puto,
1401 1775 1489 1859 quod

334 1897 431 1962 supra
453 1880 518 1946 iam
548 1882 720 1964 tetigimus.
766 1879 869 1958 Quem
897 1880 984 1946 haud
1013 1881 1114 1948 multo
1142 1889 1217 1963 post
1243 1880 1281 1944 Τ.
1304 1877 1489 1956 Quinotium

333 1981 366 2046 in
389 1981 559 2049 Graeciam
582 1986 729 2068 venisse,
759 1985 856 2049 etiam
880 1983 908 2050 si
937 1988 1146 2067 tempestates
1174 1981 1323 2063 aliaeque
1352 1979 1489 2046 difficul-

332 2090 415 2152 tates
439 2105 539 2153 naves
561 2086 788 2168 detinuissent,
811 2087 1090 2169 persuasissimum
1118 2082 1197 2149 mibi
1220 2090 1278 2150 est.
1324 2081 1389 2148 Sed
1412 2081 1490 2166 quid

332 2188 372 2252 A.
396 2189 515 2254 Atilios
537 2189 606 2255 illic
629 2190 740 2272 egerit,
763 2189 940 2271 nescimus;
963 2209 1004 2254 au
1027 2188 1221 2268 dubitamus,
1244 2188 1321 2268 quin
1343 2186 1400 2252 ille
1422 2188 1488 2254 lon·

334 2311 411 2372 gum
434 2295 494 2374 pc'r
515 2298 652 2374 tempus,
677 2310 740 2372 quo
763 2310 835 2356 cum
851 2291 981 2356 Nabide
1003 2290 1194 2372 bellabatur,
1217 2309 1238 2354 a
1258 2289 1355 2354 rebus
1377 2307 1488 2370 garen-

333 2392 383 2458 dis
406 2411 441 2458 se
464 2412 529 2458 non
551 2392 764 2458 abstinuerit?
806 2392 890 2458 Nam
911 2393 1119 2473 longinquam
1141 2391 1240 2458 fuisse
1263 2388 1383 2473 Gythei
1405 2390 1489 2456 obsi·

333 2495 463 2562 dionem
476 2497 530 2560 vel
546 2495 621 2560 inde
637 2495 829 2561 concluserit
844 2495 1014 2577 quispiam,
1040 2493 1126 2575 quod
1147 2512 1231 2558 anno
1251 2497 1311 2556 195
1326 2513 1355 2560 a.
1368 2491 1442 2560 (ihr.
1458 2512 1489 2559 n.

334 2597 471 2662 Romani
495 2616 567 2662 cum
589 2597 685 2662 sociis
708 2595 862 2678 oppidum
885 2595 941 2660 diu
958 2595 1160 2661 obsederant·
1197 2595 1370 2662 Praeterea
1384 2602 1490 2662 autem

335 2701 369 2763 in
391 2698 473 2765 illud
495 2705 620 2782 tempos
652 2699 797 2767 incidunt
818 2697 1078 2783 Philopoemenis
1107 2697 1150 2764 ad
1172 2698 1286 2764 Aerias
1313 2697 1490 2778 navigatio,

335 2802 474 2884 impetus
508 2803 541 2866 in
576 2801 716 2869 bostiam
746 2807 851 2868 castra
872 2800 916 2866 ad
939 2801 1056 2880 Pleias,
1086 2800 1147 2866 iter
1171 2819 1230 2882 per
1251 2800 1425 2869 Laconiam
1448 2798 1491 2864 ad

334 2905 479 2987 Tegeam
497 2905 663 2988 oppidum,
680 2912 747 2969 tum
763 2903 965 2970 Achaeorum
982 2903 1171 2968 convocatio
1186 2922 1225 2968 ao
1239 2902 1490 2970 deliberationes

333 3007 367 3070 in
395 3007 533 3074 concilio
567 3014 600 3073 et
630 3007 795 3090 expeditio
818 3006 868 3072 'ad
901 3005 1178 3071 Lacedaemonem
1207 3011 1239 3069 et
1266 3006 1390 3088 proclia
1417 3025 1488 3074 cum

332 3107 461 3174 Nabide
491 3109 678 3190 commissa,
708 3110 762 3191 qni
791 3106 962 3191 aliytheo
991 3106 1034 3171 ad
1062 3113 1158 3188 caput
1186 3107 1276 3190 regui
1298 3117 1489 3188 accurrerat,

335 3207 455 3275 deinde
479 3210 733 3276 Lacedaemonis
757 3210 901 3276 obsessio
917 3209 1144 3291 Laconumque
1169 3211 1256 3292 agris
1278 3229 1336 3292 pcr
1361 3210 1491 3293 triginta

333 3310 403 3376 dies
428 3314 567 3378 vastatio
589 3313 691 3378 illata.

420 3412 486 3478 Sed
503 3413 633 3497 quando
650 3412 769 3480 bellum
786 3414 997 3497 compositum
1021 3413 1071 3497 sit,
1095 3433 1137 3480 cx
1159 3414 1205 3480 eis
1226 3410 1353 3480 deliniri
1375 3419 1490 3498 potest,

332 3532 417 3596 quae
444 3514 555 3583 Livius
579 3537 624 3582 cc.
644 3519 769 3581 35-37
793 3515 835 3582 de
856 3515 1059 3583 Alexameno
1081 3516 1220 3598 posteris
1241 3513 1383 3584 tradidit.
1430 3515 1491 3584 Hic

337 3618 422 3682 enim
447 3617 725 3686 Lacedaemonem
748 3619 864 3684 missus
886 3625 936 3684 est
958 3617 1073 3686 eodem
1096 3624 1249 3700 tempore,
1271 3635 1335 3700 quo
1360 3617 1490 3686 Diocles

332 3720 467 3786 Aetolus
500 3717 758 3802 Demetriadem,
786 3727 901 3803 atquo,
939 3739 1011 3786 cnm
1042 3718 1235 3798 Antiochus,
1270 3719 1386 3802 Syriae
1420 3741 1492 3804 rex,

334 3821 576 3888 Demetriadem
605 3822 647 3887 ab
670 3822 795 3888 Aetolis
829 3828 1018 3906 occupatam
1052 3841 1123 3888 esse
1158 3821 1274 3888 certior
1302 3821 1406 3888 tactus
1435 3843 1490 3889 ex·

336 3925 458 4006 templo
474 3924 623 3992 omnibus
645 3923 748 4008 copiis
764 3921 966 4008 navibusque
989 3925 1021 3990 io
1037 3922 1206 3990 Graeciam
1223 3921 1487 4008 proficisceretur,

335 4026 422 4108 quod
457 4033 607 4092 autumno
642 4027 760 4094 iactum
793 4033 852 4108 cst,
889 4027 917 4092 si
946 4026 1040 4094 Livio
1074 4047 1100 4092 c.
1118 4029 1159 4090 44
1191 4023 1289 4091 fidem
1323 4023 1489 4110 habemus,

334 4128 552 4194 Alexamenus
583 4136 669 4196 certe
697 4137 772 4194 ante
794 4127 935 4194 medium
959 4137 1143 4194 autumnum
1168 4128 1200 4190 in
1224 4128 1310 4192 viam
1333 4147 1369 4194 se
1392 4127 1483 4198 dedit
