3308 5000
664 392 874 455 ‚73-

191 562 223 626 iu
245 561 326 628 Asia
347 561 425 642 egit.
470 561 576 643 Atque
599 561 728 628 tametsi
750 559 903 626 traditum
926 580 989 626 non
1014 565 1063 628 est
1077 559 1251 626 Eumenem
1275 579 1348 628 cum

191 663 407 729 Romanorum
435 661 552 746 legatis
579 663 771 729 collocutum
808 681 879 729 esse
911 681 1031 745 cosque
1061 661 1277 744 legationibus
1306 665 1348 732 dc

191 764 286 832 rebus
303 764 458 832 Asiaticis
481 763 635 832 certiores
656 766 772 832 fecisse
794 765 887 832 annis
912 767 971 831 197
978 768 1016 840 tt
1038 785 1068 830 a.
1085 763 1159 831 (ihr.
1175 785 1216 838 n..
1239 771 1348 833 mmen

191 867 218 932 si
241 865 304 933 hoc
326 885 442 950 reapse
463 867 583 934 Iactum
606 885 678 934 esse
708 867 894 948 conlcceris,
925 887 945 933 a
973 885 1050 934 vero
1079 885 1143 933 non
1171 868 1347 936 aberrabis.

191 967 229 1033 Id
262 985 341 1034 vero
377 974 501 1036 constat
528 988 612 1034 anno
639 971 698 1034 196
721 989 750 1034 a.
773 968 848 1035 (ihr.
873 991 903 1036 n.
933 971 1059 1053 legatos
1093 967 1287 1053 Smyrnaeus
1316 977 1349 1038 ot

191 1071 431 1156 Lampsacenos
446 1071 484 1136 Τ.
500 1069 684 1148 Quinctium
700 1071 821 1138 adiisse
844 1077 963 1138 etcum
978 1072 1132 1138 Romanis
1155 1071 1188 1136 in
1211 1070 1349 1139 Graecia

191 1170 346 1248 AntIochi
373 1169 543 1257 perfidiam
573 1179 766 1254 conquestos
795 1191 866 1240 esse
895 1173 963 1252 (cir.
986 1175 1071 1257 App.
1096 1173 1167 1258 Syr.
1191 1175 1222 1249 2)
1251 1179 1349 1257 atque

192 1295 248 1341 eos
277 1294 349 1342 cnm
373 1274 588 1340 Romanorum
610 1273 727 1356 legatis
750 1275 874 1358 egisse,
903 1277 959 1359 qui
981 1277 1019 1341 Τ.
1043 1273 1173 1354 Quincti
1196 1276 1284 1342 Iussu
1306 1277 1349 1343 ad

193 1375 387 1443 Antiochum
414 1376 551 1458 proiecti
579 1382 702 1459 essent,
729 1375 886 1460 Polybius
908 1377 1028 1442 XVIII.
1045 1380 1086 1442 52
1109 1385 1220 1461 aperte
1243 1379 1347 1446 docet.

194 1478 317 1546 Eodem
340 1483 447 1544 antem
470 1478 625 1561 temporis
648 1485 820 1557 momento,
844 1498 908 1562 quo
925 1481 964 1546 Τ.
980 1478 1148 1557 Quinctius
1170 1478 1349 1564 decemque

193 1581 294 1664 legati
309 1580 351 1646 de
367 1580 526 1646 Graeciae
549 1580 645 1645 rebus
667 1580 856 1664 tractabant,
880 1583 977 1648 etiam
1000 1583 1146 1665 prolatae
1168 1587 1241 1648 sunt
1256 1583 1346 1650 Asia·

192 1684 290 1750 tices:
314 1702 389 1749 nam
405 1681 585 1748 diiudicare
600 1701 681 1764 opus
697 1687 767 1748 erat
781 1681 822 1748 de
839 1682 885 1748 eis
901 1685 999 1750 Asiae
1015 1684 1210 1769 cirimtibus,
1234 1685 1349 1768 quibus

194 1783 365 1868 Philippus
393 1802 452 1849 rex
482 1784 601 1866 potitus
631 1789 708 1849 erat.
753 1782 803 1850 Ac
831 1805 904 1850 cnm
932 1786 1079 1868 quaestio
1109 1791 1210 1870 esset,
1244 1793 1348 1853 utrum

194 1887 269 1952 illae
293 1887 475 1952 libertatem
498 1891 531 1952 ct
552 1886 784 1952 immunitatem
807 1886 992 1971 acciperent
1014 1906 1131 1969 necne,
1162 1889 1349 1971 Eumenem,

194 1989 284 2055 cuius
305 2006 407 2072 regno
429 1994 521 2054 erant
541 1986 706 2070 linitImae,
728 2007 787 2072 per
802 1989 926 2072 legatos
941 1990 975 2054 ln
996 1991 1057 2055 isto
1074 1995 1242 2071 conventu,
1266 2009 1350 2073 quac

197 2089 260 2156 sibi
276 2088 318 2154 de
332 2088 493 2156 Antiocho
510 2089 703 2172 viderentur,
726 2091 783 2173 qui
798 2109 839 2156 ex
862 2091 901 2159 iis
917 2092 999 2157 alias
1014 2092 1163 2158 civitates
1177 2093 1349 2174 praesidiis

194 2198 327 2273 teneret,
343 2192 426 2258 alias
442 2197 683 2276 expugnaturus
699 2198 794 2275 esset,
818 2195 1007 2276 exposuIsse
1021 2212 1080 2277 per
1094 2213 1130 2260 se
1145 2195 1349 2260 manifestum

196 2302 255 2361 cst.
293 2295 367 2361 Non
382 2297 482 2361 multo
498 2301 581 2378 post,
604 2301 751 2378 utsupra
765 2297 884 2378 monui,
907 2296 1125 2363 Romanorum
1141 2297 1242 2378 legati
1257 2297 1348 2381 Lysi·

196 2395 357 2462 muchium
374 2403 540 2479 venerunt,
556 2404 652 2479 atque
668 2395 846 2463 Antiochus
859 2398 929 2481 ipse
945 2398 1010 2464 illis
1025 2398 1168 2466 dimissis
1183 2399 1221 2463 Τ.
1231 2397 1348 2478 Quinc·

195 2499 273 2564 tium
296 2499 413 2581 legatis
435 2500 621 2582 temptavit:
652 2500 779 2572 frustra,
802 2519 876 2564 nam
900 2500 992 2566 ised
1015 2507 1160 2568 senatum
1184 2520 1240 2567 eos
1262 2501 1348 2567 dele-

195 2603 294 2684 gavit.
346 2600 413 2666 Sed
444 2601 532 2684 apud
565 2619 671 2666 rernm
705 2602 877 2686 scriptores
909 2602 992 2668 nihil
1019 2604 1137 2686 legitur
1165 2623 1205 2669 ea
1234 2602 1275 2669 de
1303 2623 1348 2686 re,

197 2711 301 2769 utrum
317 2704 453 2770 Romam
467 2703 603 2786 profecti
619 2703 691 2786 sint,
715 2723 756 2768 an
773 2703 904 2770 domum
919 2704 1081 2771 redIerint.
1097 2707 1117 2781 ¹)
1148 2703 1350 2788 Quamquam

196 2805 379 2874 coniectura
401 2825 440 2871 co
463 2805 572 2889 ducor,
596 2813 631 2870 ut
653 2824 709 2870 eos
725 2805 858 2870 Romam
876 2806 1064 2888 pervenisse
1087 2825 1250 2872 censeam:
1275 2828 1349 2873 nam

196 2908 258 2974 hac
280 2909 352 2992 ipss
374 2909 536 2990 legatione
560 2912 738 2973 commotus
768 2925 838 2972 csso
861 2908 989 2973 videtur
1018 2914 1165 2988 senatus,
1194 2915 1229 2973 ut
1257 2910 1349 2975 brevi

196 3017 270 3094 post
285 3009 330 3076 ad
345 3009 540 3076 Antiochum
562 3011 703 3075 mitteret
726 3010 859 3090 legatos,
883 3027 1017 3092 quorum
1040 3010 1073 3075 in
1095 3029 1227 3075 numero
1251 3011 1349 3078 luisse

196 3112 232 3176 Ρ.
249 3112 382 3178 Villium
398 3117 487 3195 patet
502 3132 542 3178 ex
559 3110 647 3177 hisce
663 3111 736 3176 Livi
748 3111 900 3177 XXXIV.
914 3113 964 3176 33.
983 3114 1037 3176 12:
1053 3111 1216 3180 adiciebat
1230 3119 1263 3178 ct
1277 3133 1349 3179 cum

196 3213 356 3280 Antiocho
374 3211 506 3278 iufidam
525 3233 640 3297 pacem
657 3213 788 3280 Villium
806 3214 949 3296 legatum
968 3214 1044 3281 inde
1062 3215 1259 3280 redeuntem
1271 3235 1349 3280 nun·

196 3317 294 3397 tiare;
306 3315 407 3381 multo
415 3316 589 3382 maioribus
599 3336 694 3398 quam
707 3324 781 3382 ante
792 3317 995 3384 terrestribus
1007 3315 1241 3399 navalibusque
1249 3319 1350 3400 copiis

196 3421 229 3484 in
252 3419 414 3502 linropam
444 3438 517 3484 eum
547 3419 709 3484 transisse.
755 3418 879 3484 Eodem
902 3421 1078 3502 pertinent,
1114 3438 1197 3502 quae
1227 3420 1349 3484 inveni*-

198 3527 293 3586 untur
316 3523 336 3586 l.
352 3519 505 3585 XXXIV.
523 3525 573 3586 59.
591 3521 626 3585 8:
650 3520 773 3602 legatos
789 3521 872 3584 mitti
887 3520 931 3585 ad
953 3541 1061 3603 regem
1085 3520 1261 3603 eosdem,
1286 3522 1350 3602 qui

284 3727 308 3790 1)
326 3722 421 3775 lhne:
447 3722 464 3776 l.
483 3722 501 3775 l.
526 3721 575 3776 III.
600 3737 627 3789 p.
641 3725 673 3774 72
698 3720 827 3776 iudicarit
849 3720 1011 3788 legatIonem
1027 3719 1110 3774 fnisse
1128 3720 1253 3784 candem,
1282 3738 1351 3790 quae

195 3809 306 3863 ineunte
323 3821 396 3860 anno
417 3810 464 3861 193
476 3822 500 3861 a.
514 3806 613 3861 curn.
644 3806 747 3861 Romae
768 3809 876 3859 versata
893 3804 929 3859 sit
945 3810 973 3860 ct
990 3805 1024 3860 de
1041 3819 1096 3874 qua
1112 3804 1205 3859 Livius
1223 3806 1351 3864 XXXIV.

197 3898 227 3946 bt
239 3907 297 3962 sqq.
315 3891 438 3962 pluribus
456 3892 647 3960 disputaverim
668 3891 728 3944 lere
744 3891 839 3945 eadem
862 3891 1002 3945 Aander
1019 3890 1172 3960 Heyden:
1197 3890 1215 3943 I.
1233 3891 1252 3945 I.
1276 3908 1303 3960 p.
1318 3898 1350 3946 54

196 3978 354 4032 arbitratur.
392 3977 444 4032 Sed
470 3977 532 4031 illos
558 3977 663 4043 legatos
690 3975 757 4030 duos
781 3991 830 4043 per
851 3991 937 4031 annos
962 3976 991 4029 in
1013 3976 1056 4030 via
1079 3977 1164 4030 luisse
1181 3990 1236 4029 non
1261 3978 1350 4042 credo,

196 4061 356 4132 praesertim
375 4077 436 4116 cunr
455 4063 547 4118 Liuius
566 4061 694 4116 XXXIII.
714 4066 757 4116 tt.
775 4065 841 4128 tsq.
861 4061 935 4115 dicat
957 4061 1121 4115 Antiochum
1138 4060 1200 4114 illos
1224 4062 1350 4130 legalla

196 4145 358 4202 RomanIs
377 4147 537 4202 demissis
555 4148 582 4202 h.
601 4161 624 4201 e.
644 4162 716 4200 anno
738 4149 785 4200 196
803 4159 829 4200 a.
843 4146 905 4200 Chr.
918 4163 945 4199 n.
965 4146 1001 4199 ad
1019 4146 1051 4200 T.
1065 4146 1219 4214 Quinctium
1237 4146 1351 4203 misisse.
