3344 5008
897 1401 938 1467 II.

339 1575 432 1660 ,ouo
445 1569 660 1656 TEMPORE
677 1569 734 1651 EI
748 1567 865 1653 EUOP
881 1567 1034 1652 ANNOS
1049 1569 1202 1654 ulnus
1219 1569 1439 1656 EUMENES
1450 1575 1493 1660 ll.

339 1737 341 1742 ’
503 1706 597 1790 REX
620 1704 798 1789 APPstl
817 1705 843 1792 Ι.
862 1705 1000 1788 Pnnru
1016 1703 1334 1794 successuum.

430 1916 573 1983 Attalum
598 1914 620 1978 I.
645 1932 754 1996 regem
778 1913 982 1998 septuaginta
1004 1913 1085 1979 duos
1107 1932 1206 1980 annos
1229 1920 1337 1980 natum
1362 1915 1403 1982 de
1427 1919 1493 1984 vita

344 2021 534 2100 decessisse,
558 2021 727 2100 postquam
752 2015 965 2098 quadraginta
988 2023 1137 2099 quattuor
1159 2037 1259 2083 annos
1282 2020 1491 2104 regnavisset,

338 2122 494 2208 Polybius
517 2117 637 2184 XVIII.
662 2123 711 2182 41.
736 2120 754 2182 8
778 2116 926 2200 tradidit,
950 2120 1004 2201 qui
1027 2139 1069 2184 ex
1092 2121 1238 2186 omnibus
1262 2121 1387 2187 illorum
1412 2127 1490 2188 tcm-

340 2247 452 2313 porum
477 2221 684 2306 scriptoribus
710 2222 831 2305 primus
859 2228 909 2287 est
929 2220 1160 2304 respiciendus.
1200 2217 1358 2289 Numeros
1384 2231 1491 2292 autem

343 2331 417 2395 illos
432 2328 632 2409 incorruptos
648 2325 822 2388 memoriae
838 2323 983 2408 proditos
1000 2343 1070 2389 esse
1086 2342 1103 2389 e
1120 2323 1194 2388 Livi
1210 2326 1317 2390 verbis
1334 2326 1489 2394 XXXIII.

341 2426 432 2496 2t.'l
460 2427 693 2510 cognoscimus,
717 2426 849 2509 quibus,
873 2445 944 2491 eum
969 2427 1081 2490 mirum
1106 2427 1137 2489 in
1161 2425 1290 2492 modum
1315 2439 1491 2512 congruant

342 2554 414 2600 eum
430 2530 538 2597 verbis
554 2527 753 2612 Polybianis,
777 2525 838 2593 hoc
860 2546 988 2611 quoque
1012 2528 1082 2594 loco
1098 2528 1225 2594 Livium
1242 2535 1373 2597 auctore
1395 2552 1487 2598 usum

341 2653 412 2702 esse
435 2632 571 2714 Polybio
608 2631 726 2714 optime
756 2628 949 2696 dilucidatur
980 2631 1046 2708 (cfr.
1067 2631 1229 2697 Nisseni
1261 2633 1375 2698 librum
1402 2635 1489 2702 lucu·

340 2735 552 2804 lentissimum
572 2725 749 2798 ‘Kritischc
772 2731 1059 2816 Untersuchnngen
1086 2735 1165 2799 tiber
1196 2734 1249 2801 die
1273 2733 1408 2813 Quellen
1431 2737 1490 2804 der

340 2836 395 2903 IV.
419 2832 485 2899 und
508 2831 545 2901 V.
570 2835 702 2902 Decede
730 2834 788 2900 des
811 2825 941 2900 Livius.²
989 2836 1094 2901 Berol.
1120 2839 1201 2901 1863
1224 2857 1255 2920 p.
1281 2843 1341 2902 142
1363 2859 1433 2923 sqq.
1457 2847 1490 2906 et

339 2938 591 3006 Pillmanns:
621 2938 804 3023 Disputatio
828 2957 892 3020 qua
921 2938 1044 3003 ratione
1072 2939 1184 3006 Livius
1208 2941 1324 3024 Polybi
1347 2940 1488 3010 historiis

339 3062 415 3110 usus
438 3043 479 3108 sit
501 3049 581 3127 pert.
594 3044 618 3107 1.
644 3039 816 3125 (quomodo
832 3039 943 3105 Livius
966 3039 1151 3106 adhibuerit
1174 3043 1345 3127 Polybium
1368 3043 1488 3110 fontem

339 3149 372 3212 in
395 3144 625 3227 componendis
655 3144 746 3209 libris
768 3142 1040 3225 XXXI-XLV),
1072 3144 1198 3211 dissert.
1220 3143 1333 3228 philol.
1357 3146 1488 3212 Bonnae

342 3247 446 3322 1860).
492 3246 610 3312 Contra
636 3246 767 3326 Strabo,
796 3245 850 3326 qui
880 3243 912 3308 in
941 3245 1024 3311 libro
1053 3246 1142 3311 XIII.
1165 3251 1194 3312 4.
1218 3251 1237 3310 2
1260 3267 1291 3330 p.
1308 3249 1369 3310 624
1393 3267 1488 3314 resa

340 3353 610 3432 Pergamenorum
633 3348 763 3430 regibus
785 3351 892 3429 gestes
916 3349 1026 3428 paucis
1050 3348 1280 3433 complectitur,
1304 3349 1445 3415 Attalum
1461 3349 1486 3416 l.

339 3473 450 3535 regem
485 3452 605 3517 obiisse
634 3469 741 3516 senem
769 3456 801 3514 et
834 3469 933 3515 annos
962 3449 1175 3533 quadraginta
1203 3458 1268 3517 tres
1300 3451 1486 3534 regnavisse

339 3555 489 3623 narravit.
527 3551 616 3630 Quae
633 3572 704 3618 cum
720 3573 740 3616 a
755 3553 861 3618 verbis
878 3552 1006 3635 Polybii
1022 3553 1223 3636 abhorreant,
1240 3555 1340 3619 alium
1362 3553 1483 3618 fontem

338 3655 538 3724 aStrabcne
571 3674 643 3722 esse
677 3653 855 3720 adhibitum
884 3661 1131 3721 consentaneum
1161 3662 1224 3737 est,
1254 3654 1419 3721 Posidonii
1451 3665 1488 3720 ut

339 3759 466 3826 videtur
489 3759 556 3836 (eir.
573 3757 682 3824 Otto:
699 3754 910 3833 Quaestiones
926 3755 1158 3823 Strabonianae
1174 3759 1208 3823 in
1223 3757 1305 3824 stud.
1322 3757 1410 3842 Lips.
1426 3757 1484 3822 Xl.

340 3863 458 3946 suppl.)
503 3861 585 3926 Nam
610 3859 725 3926 Strabo
756 3859 931 3924 Eumenem
962 3859 1002 3924 II.
1031 3860 1364 3943 undequinquaginta,
1396 3861 1486 3926 Alta·

337 3966 403 4030 lum
427 3964 466 4028 ΙΙ.
491 3964 605 4046 viginti
628 3981 740 4044 unum,
772 3963 912 4027 Attalum
936 3961 992 4026 III.
1023 3964 1163 4045 quinque
1191 3982 1291 4028 anuos
1314 3963 1485 4046 Pergame-

339 4086 451 4134 norum
486 4085 537 4132 res
569 4065 715 4148 publicas
748 4065 871 4131 rexisse
905 4064 1008 4130 docet.
1054 4064 1272 4132 certissimum
1300 4070 1405 4131 autem
1436 4069 1487 4128 est

338 4169 478 4236 Attalum
507 4168 574 4251 llI.,
600 4167 752 4234 Eumenis
780 4167 820 4232 ll.
844 4168 929 4250 regis
957 4165 1072 4251 filium,
1101 4188 1184 4233 anno
1215 4170 1274 4233 133
1303 4189 1332 4234 a.
1357 4166 1429 4232 Chr.
1454 4186 1484 4231 n.
