3344 5008
798 367 1104 428 .-14-.

331 531 546 615 quadraginta
573 551 683 598 annos.
735 533 847 615 ltaque
875 539 938 598 aut
966 532 1155 600 Strabonem
1184 535 1288 618 ipsum
1320 541 1375 599 aut
1410 535 1478 599 elus

330 639 493 700 auctorem
516 635 643 718 lapsum
667 655 738 701 esse
761 633 965 702 statuendum
992 637 1053 702 erit
1064 639 1095 713 1)ζ

415 736 483 802 Iam
511 753 588 802 vero
609 737 801 804 accedamus
823 737 866 803 ad
889 746 1024 824 tempus,
1049 759 1112 823 quo
1127 740 1254 806 Attalus
1276 739 1302 804 l.
1324 759 1382 804 rex
1405 758 1487 803 mor·

332 845 404 905 tuus
427 839 478 921 sit,
501 840 682 906 accuratius
694 839 922 906 definiendum.
956 841 1000 907 Ut
1021 842 1067 906 ait
1083 842 1238 925 Polybius
1254 841 1373 907 XVIII.
1391 845 1441 904 41.
1454 841 1485 920 9,

336 940 462 1006 Attalus
492 940 517 1005 Ι.
547 961 604 1008 rex
635 949 768 1008 mortem
804 944 954 1008 occubuit
981 940 1016 1006 ἐν
1046 933 1159 1018 αὐτοῖς
1190 954 1263 1019 ταῖς
1296 943 1487 1016 καλλίστοις

337 1039 445 1126 ἐ’ρναις
461 1033 701 1126 ἀγωνιζόμενος
717 1037 802 1128 ’ὑπὲρ
817 1045 876 1132 τῆς
891 1046 958 1109 ταῖν
970 1039 1128 1131 Ἑλλήνων
1141 1042 1334 1129 ἐλευθερίας
1350 1051 1383 1111 et
1396 1042 1487 1109 XXI.

336 1149 385 1209 20.
411 1151 429 1210 5
452 1141 487 1209 ἐν
508 1137 620 1222 αὐτοῖς
648 1157 719 1222 ταῖς
749 1143 856 1231 ἐ’ργαις
885 1144 970 1211 κατὰ
999 1143 1057 1210 τὸν
1093 1143 1304 1212 Φιλιππικὸν
1337 1145 1487 1228 πόλεμον

335 1247 538 1329 παρακαλῶν
555 1245 726 1324 Βοιωτοὺς
749 1247 797 1326 εἰς
819 1246 879 1335 τὴν
894 1243 1055 1332 ὑμετέραν
1079 1249 1196 1332 φιλίαν
1218 1252 1274 1314 καὶ
1298 1254 1487 1332 συμμαχίαν

336 1352 404 1429 (cfr.
429 1351 499 1418 htv.
522 1351 691 1416 XXXVII.
716 1355 766 1417 53.
795 1355 855 1430 to).
899 1351 1011 1417 Livius
1033 1351 1187 1418 XXXIII.
1211 1354 1231 1415 2
1252 1353 1402 1419 nlmirum
1425 1352 1484 1417 Po·

335 1454 461 1536 lybium
489 1463 618 1520 secutus
647 1455 715 1532 (cir,
745 1454 862 1520 lliesen
891 1454 912 1520 l.
941 1455 962 1517 l.
994 1474 1024 1536 p.
1050 1455 1109 1517 142
1121 1458 1204 1539 sqq.)
1239 1455 1301 1522 hoc
1333 1454 1485 1535 officium,

337 1555 423 1640 qaod
448 1558 503 1622 ille
520 1557 671 1622 Romanis
693 1556 864 1641 praestitit,
888 1575 959 1622 cum
982 1555 1053 1638 ipse
1072 1556 1220 1641 Boeotos,
1242 1564 1277 1624 ut
1299 1558 1486 1624 societatem

337 1678 409 1724 cum
439 1659 593 1724 Romanis
619 1659 779 1740 facerent,
810 1658 1004 1741 hortaretur,
1035 1657 1121 1723 haud
1153 1661 1265 1742 paucis
1295 1660 1403 1726 verbis
1432 1659 1487 1725 de·

337 1761 477 1843 scripsit.
521 1760 655 1826 Ineunte
678 1761 762 1826 enirn
787 1761 862 1826 anni
883 1761 940 1823 197
956 1781 985 1826 a.
1002 1759 1077 1826 Chr.
1094 1780 1124 1825 n.
1141 1779 1217 1828 vere
1232 1762 1360 1829 Attalus
1375 1781 1433 1828 rex
1449 1762 1491 1828 ah

337 1862 445 1928 illatis
468 1881 538 1929 cum
562 1863 600 1927 Τ.
623 1860 772 1939 Quinctio
795 1862 991 1946 Flaminino,
1015 1863 1066 1928 cui
1090 1869 1164 1929 tunc
1186 1869 1255 1930 erat
1283 1871 1488 1947 prorogatum

336 1965 506 2048 imponam
535 1966 604 2042 (cfr.
629 1965 699 2030 hir.
723 1965 862 2032 XXXII.
887 1966 940 2030 28.
970 1969 1013 2049 9),
1036 1966 1169 2049 eiusque
1198 1967 1300 2050 copiis
1327 1986 1386 2050 per
1408 1965 1491 2032 Pho·

339 2066 444 2133 cidem
468 2065 599 2133 Thebas
622 2074 671 2134 est
692 2068 864 2151 protectus.
908 2068 957 2133 lbi
980 2068 1118 2134 concilio
1141 2074 1317 2135 convocato
1340 2088 1400 2134 rex
1423 2067 1486 2152 pri·

338 2190 408 2236 mus
431 2170 531 2235 verba
546 2169 631 2252 fecit,
655 2169 724 2252 sed,
748 2176 782 2236 ut
803 2171 930 2236 Livium
953 2189 1087 2254 sequar,
1109 2170 1248 2237 senior
1270 2171 1346 2235 iam
1371 2175 1409 2235 et
1432 2170 1489 2234 in·

338 2273 514 2354 firmior,
536 2291 652 2355 qnam
674 2279 715 2338 ut
737 2274 1045 2339 contentionem
1061 2270 1229 2338 dicendi
1251 2271 1494 2354 sustineret,

339 2373 542 2438 obmutuit
565 2381 602 2440 et
624 2373 819 2457 concidit3
852 2380 891 2440 et
918 2375 1006 2442 dum
1029 2394 1162 2457 regem
1190 2373 1378 2440 auferunt
1399 2393 1488 2458 per·

338 2474 557 2557 feruntque
590 2482 706 2560 parte
740 2477 1007 2543 membrorum
1040 2481 1218 2560 captum,
1254 2511 1293 2520 -
1329 2483 1494 2560 correptus

339 2578 438 2661 igitur
469 2585 518 2644 est
551 2578 680 2661 morbo,
717 2598 812 2661 quem
845 2580 1021 2664 apoplexIn
1055 2586 1172 2646 vocant
1204 2613 1241 2624 -
1280 2579 1493 2662 paulisper

340 2681 474 2746 contio
508 2681 746 2746 intermissa
780 2689 855 2764 est,
889 2701 972 2764 qnae
1000 2681 1114 2748 eodem
1143 2681 1282 2764 Polybio
1310 2687 1441 2747 auctore
1471 2701 1492 2746 a

340 2782 514 2851 Plutarcho
535 2782 570 2848 in
592 2782 629 2847 Τ.
646 2779 774 2860 Quincti
790 2782 964 2850 Flaminini
989 2784 1056 2850 vita
1078 2787 1142 2850 α.6
1165 2783 1280 2850 eodem
1304 2783 1371 2849 lere
1394 2783 1490 2850 modo

341 2893 519 2952 narrantur.
573 2884 658 2952 Dein
697 2886 876 2952 concilio
913 2886 1085 2952 diuisso
1120 2885 1354 2972 Quinctius,
1389 2886 1493 2970 iuquit

340 2988 466 3072 Livius,
486 2995 638 3054 tantum
661 2986 814 3054 Thebis
837 2994 1033 3071 moratus,
1062 2995 1250 3072 quantum
1273 2989 1407 3056 Attali
1429 3008 1491 3054 re·

343 3111 441 3175 pens
470 3110 587 3158 casus
618 3091 774 3173 coegit,
807 3098 1019 3174 postquam
1052 3111 1127 3156 non
1154 3091 1264 3156 vitae
1293 3105 1492 3174 praesens

340 3193 569 3277 periculum
592 3193 654 3259 vis
677 3193 804 3258 morbi
825 3194 1023 3260 attulisse
1046 3192 1117 3260 sed
1140 3193 1399 3258 membrorum
1423 3188 1492 3253 de·

431 3451 454 3512 t)
472 3443 558 3498 Meter
577 3445 594 3498 l.
612 3443 630 3498 l.
649 3462 675 3513 p.
695 3447 745 3499 368
764 3445 825 3500 adu.
847 3449 887 3498 St.
923 3445 1026 3515 Polyhii
1049 3451 1076 3499 et
1101 3443 1242 3499 Strabonis
1265 3444 1348 3498 rerba
1371 3444 1444 3497 inter
1462 3457 1493 3497 se

344 3548 399 3588 non
417 3545 567 3600 repugnare
585 3530 733 3584 arbitratus
755 3529 896 3599 Polybium
921 3530 955 3585 ad
979 3544 1269 3584 annornmnumerum
1293 3529 1492 3597 quadragesimi

342 3616 431 3688 quarti
449 3614 554 3669 initium
574 3613 752 3684 adscripsisse
769 3615 839 3670 falso
856 3615 1030 3670 insimulavit.
1066 3615 1174 3670 Erravit
1190 3615 1231 3670 vit
1249 3616 1358 3680 doctus,
1377 3629 1438 3668 enm
1456 3613 1491 3668 de

340 3703 404 3758 anni
422 3701 620 3772 quadragesimi
636 3701 727 3771 quarti
744 3701 820 3756 initio
838 3701 1041 3756 annumerando
1061 3701 1135 3766 dixit,
1154 3715 1315 3771 quamquam
1333 3699 1391 3769 ipse
1409 3702 1489 3754 Attu-

340 3789 395 3843 lum
413 3787 436 3842 I.
455 3801 526 3840 anno
545 3789 592 3840 tlt
613 3801 638 3840 a.
653 3785 714 3840 Chr.
728 3803 755 3841 n.
774 3801 888 3854 regnare
914 3785 1037 3856 coepisse
1055 3792 1218 3856 sumpserat.
1254 3786 1337 3839 lmmo
1356 3785 1447 3854 potius
1467 3786 1491 3839 ei

341 3872 484 3927 dicendum
507 3879 565 3925 erat
589 3869 785 3940 quadragesimi
809 3872 896 3940 quinti
919 3872 1024 3926 initium
1048 3871 1189 3942 Polybium
1214 3869 1387 3928 accensuisse
1411 3871 1491 3924 annis

340 3957 467 4026 integris,
486 3973 547 4012 cum
565 3961 676 4025 putaret
694 3957 774 4024 primi
795 3963 822 4012 et
839 3958 954 4012 extremi
971 3958 1036 4012 anni
1053 3957 1245 4028 principiorum
1268 3958 1343 4012 illum
1362 3954 1492 4009 hahuisse

341 4043 473 4098 rationem
491 4043 573 4098 veluti
590 4043 732 4113 plenorum
749 4059 891 4098 annorum.
928 4043 1003 4100 Talis
1029 4044 1110 4112 Igitur
1128 4049 1241 4098 conatus
1263 4041 1396 4098 retinendi
1414 4041 1492 4094 Stra-

341 4131 419 4184 bonis
437 4143 523 4184 aunos
541 4131 719 4199 quadraginta
736 4135 791 4183 tres
809 4129 917 4184 miuIme
935 4130 1106 4199 comprobari
1122 4133 1220 4198 potest.
