<?xml version="1.0" encoding="UTF-8"?>
<!DOCTYPE html PUBLIC "-//W3C//DTD XHTML 1.0 Transitional//EN"
    "http://www.w3.org/TR/xhtml1/DTD/xhtml1-transitional.dtd">
<html xmlns="http://www.w3.org/1999/xhtml" xml:lang="en" lang="en">
 <head>
  <title>
</title>
<meta http-equiv="Content-Type" content="text/html;charset=utf-8" />
  <meta name='ocr-system' content='tesseract 3.04.00' />
  <meta name='ocr-capabilities' content='ocr_page ocr_carea ocr_par ocr_line ocrx_word'/>
</head>
<body>
  <div class='ocr_page' id='page_1' title='image "./symbolaeadeumen00meisgoog_0021.png"; bbox 0 0 3344 5008; ppageno 0'>
   <div class='ocr_carea' id='block_1_1' title="bbox 806 391 995 450">
    <p class='ocr_par' dir='ltr' id='par_1_1' title="bbox 806 391 995 450">
     <span class='ocr_line' id='line_1_1' title="bbox 806 391 995 450; baseline 0.011 -18"><span class='ocrx_word' id='word_1_1' title='bbox 806 391 995 450; x_wconf 69' lang='grc'>..6,</span> 
     </span>
    </p>
   </div>
   <div class='ocr_carea' id='block_1_2' title="bbox 324 555 1480 1053">
    <p class='ocr_par' dir='ltr' id='par_1_2' title="bbox 324 555 1480 1053">
     <span class='ocr_line' id='line_1_2' title="bbox 324 555 1478 641; baseline 0.003 -21"><span class='ocrx_word' id='word_1_2' title='bbox 324 561 388 624; x_wconf 92' lang='lat' dir='ltr'>leto</span> <span class='ocrx_word' id='word_1_3' title='bbox 412 567 502 624; x_wconf 86' lang='lat' dir='ltr'>erant</span> <span class='ocrx_word' id='word_1_4' title='bbox 530 559 689 624; x_wconf 85' lang='lat' dir='ltr'>adiuncta.</span> <span class='ocrx_word' id='word_1_5' title='bbox 738 559 786 622; x_wconf 89' lang='lat' dir='ltr'>De</span> <span class='ocrx_word' id='word_1_6' title='bbox 815 579 880 641; x_wconf 88' lang='lat' dir='ltr'>qua</span> <span class='ocrx_word' id='word_1_7' title='bbox 902 558 1017 625; x_wconf 84' lang='lat' dir='ltr'>Strabo</span> <span class='ocrx_word' id='word_1_8' title='bbox 1040 556 1126 623; x_wconf 87' lang='lat' dir='ltr'>XIV.</span> <span class='ocrx_word' id='word_1_9' title='bbox 1153 563 1178 621; x_wconf 88' lang='grc'>1.</span> <span class='ocrx_word' id='word_1_10' title='bbox 1204 564 1221 620; x_wconf 87' lang='grc'>5</span> <span class='ocrx_word' id='word_1_11' title='bbox 1251 577 1282 640; x_wconf 87' lang='lat' dir='ltr'>p.</span> <span class='ocrx_word' id='word_1_12' title='bbox 1306 560 1367 620; x_wconf 85' lang='grc'>634</span> <span class='ocrx_word' id='word_1_13' title='bbox 1398 555 1478 623; x_wconf 88' lang='lat' dir='ltr'>baec</span> 
     </span>
     <span class='ocr_line' id='line_1_3' title="bbox 325 654 1477 746; baseline -0.002 -22"><span class='ocrx_word' id='word_1_14' title='bbox 325 660 433 726; x_wconf 89' lang='lat' dir='ltr'>habet:</span> <span class='ocrx_word' id='word_1_15' title='bbox 470 657 662 746; x_wconf 70' lang='grc' dir='ltr'><strong><em>ἐνεπρήσθη</em></strong></span> <span class='ocrx_word' id='word_1_16' title='bbox 697 658 746 731; x_wconf 86' lang='grc' dir='ltr'>(τὸ</span> <span class='ocrx_word' id='word_1_17' title='bbox 780 671 937 740; x_wconf 81' lang='grc' dir='ltr'><strong><em>μαντεῖον</em></strong></span> <span class='ocrx_word' id='word_1_18' title='bbox 965 662 1025 724; x_wconf 76' lang='grc' dir='ltr'>τοῦ</span> <span class='ocrx_word' id='word_1_19' title='bbox 1049 659 1227 740; x_wconf 84' lang='grc' dir='ltr'><strong><em>Διδνμέιος</em></strong></span> <span class='ocrx_word' id='word_1_20' title='bbox 1251 654 1477 736; x_wconf 75' lang='grc' dir='ltr'><strong><em>Ἀπόλλωνος)</em></strong></span> 
     </span>
     <span class='ocr_line' id='line_1_4' title="bbox 325 752 1477 850; baseline -0.002 -24"><span class='ocrx_word' id='word_1_21' title='bbox 325 757 421 826; x_wconf 82' lang='grc' dir='ltr'><strong><em>δ’ὑπὸ</em></strong></span> <span class='ocrx_word' id='word_1_22' title='bbox 446 761 580 842; x_wconf 77' lang='grc' dir='ltr'><strong><em>Ξέρξου,</em></strong></span> <span class='ocrx_word' id='word_1_23' title='bbox 604 761 762 844; x_wconf 74' lang='grc' dir='ltr'><strong><em>καθάπερ</em></strong></span> <span class='ocrx_word' id='word_1_24' title='bbox 774 764 829 828; x_wconf 83' lang='grc' dir='ltr'>καὶ</span> <span class='ocrx_word' id='word_1_25' title='bbox 848 761 890 826; x_wconf 82' lang='grc' dir='ltr'>τὰ</span> <span class='ocrx_word' id='word_1_26' title='bbox 908 755 994 826; x_wconf 72' lang='grc' dir='ltr'><strong><em>ἄλλα</em></strong></span> <span class='ocrx_word' id='word_1_27' title='bbox 1015 761 1087 844; x_wconf 79' lang='grc' dir='ltr'><strong><em>ἱερὰ</em></strong></span> <span class='ocrx_word' id='word_1_28' title='bbox 1107 757 1195 850; x_wconf 75' lang='grc' dir='ltr'><strong><em>πλὴν</em></strong></span> <span class='ocrx_word' id='word_1_29' title='bbox 1213 763 1271 840; x_wconf 84' lang='grc' dir='ltr'>τοῦ</span> <span class='ocrx_word' id='word_1_30' title='bbox 1288 758 1321 824; x_wconf 76' lang='grc' dir='ltr'>ἓν</span> <span class='ocrx_word' id='word_1_31' title='bbox 1334 752 1477 846; x_wconf 76' lang='grc' dir='ltr'><strong><em>Ἐφέσῳ·</em></strong></span> 
     </span>
     <span class='ocr_line' id='line_1_5' title="bbox 325 860 1480 949; baseline -0.001 -22"><span class='ocrx_word' id='word_1_32' title='bbox 325 864 357 929; x_wconf 79' lang='grc' dir='ltr'>οἱ</span> <span class='ocrx_word' id='word_1_33' title='bbox 385 862 420 929; x_wconf 78' lang='grc' dir='ltr'>δὲ</span> <span class='ocrx_word' id='word_1_34' title='bbox 449 863 631 948; x_wconf 81' lang='grc' dir='ltr'><strong><em>Βραγχίδαι</em></strong></span> <span class='ocrx_word' id='word_1_35' title='bbox 661 863 738 940; x_wconf 75' lang='grc' dir='ltr'><strong><em>τοὺς</em></strong></span> <span class='ocrx_word' id='word_1_36' title='bbox 766 862 959 949; x_wconf 72' lang='grc' dir='ltr'><strong><em>θησαυροὺς</em></strong></span> <span class='ocrx_word' id='word_1_37' title='bbox 989 867 1047 929; x_wconf 80' lang='grc' dir='ltr'>τοῦ</span> <span class='ocrx_word' id='word_1_38' title='bbox 1081 865 1165 929; x_wconf 75' lang='grc' dir='ltr'><strong><em>θεοῦ</em></strong></span> <span class='ocrx_word' id='word_1_39' title='bbox 1193 860 1403 945; x_wconf 77' lang='grc' dir='ltr'><strong><em>παραδόντες</em></strong></span> <span class='ocrx_word' id='word_1_40' title='bbox 1432 865 1480 947; x_wconf 69' lang='lat' dir='ltr'>uqi</span> 
     </span>
     <span class='ocr_line' id='line_1_6' title="bbox 326 964 1479 1053; baseline -0.003 -19"><span class='ocrx_word' id='word_1_41' title='bbox 326 970 440 1052; x_wconf 83' lang='grc' dir='ltr'><strong><em>Πέρσῃ</em></strong></span> <span class='ocrx_word' id='word_1_42' title='bbox 472 964 628 1052; x_wconf 73' lang='grc' dir='ltr'><em>φεύγοντι</em></span> <span class='ocrx_word' id='word_1_43' title='bbox 659 967 853 1052; x_wconf 79' lang='grc' dir='ltr'><strong><em>σοναπηραν</em></strong></span> <span class='ocrx_word' id='word_1_44' title='bbox 885 970 944 1032; x_wconf 78' lang='grc' dir='ltr'>τοῦ</span> <span class='ocrx_word' id='word_1_45' title='bbox 973 965 1017 1053; x_wconf 77' lang='grc' dir='ltr'>μη</span> <span class='ocrx_word' id='word_1_46' title='bbox 1047 979 1141 1033; x_wconf 81' lang='grc' dir='ltr'><strong><em>τῖσαι</em></strong></span> <span class='ocrx_word' id='word_1_47' title='bbox 1175 965 1268 1041; x_wconf 81' lang='grc' dir='ltr'><strong><em>δίκας</em></strong></span> <span class='ocrx_word' id='word_1_48' title='bbox 1302 967 1361 1048; x_wconf 73' lang='grc' dir='ltr'>τῆς</span> <span class='ocrx_word' id='word_1_49' title='bbox 1392 964 1479 1046; x_wconf 78' lang='grc' dir='ltr'><strong><em>ἱερο-</em></strong></span> 
     </span>
    </p>
   </div>
   <div class='ocr_carea' id='block_1_3' title="bbox 327 1061 1489 4221">
    <p class='ocr_par' dir='ltr' id='par_1_3' title="bbox 327 1061 1480 1560">
     <span class='ocr_line' id='line_1_7' title="bbox 327 1061 1480 1156; baseline -0.001 -23"><span class='ocrx_word' id='word_1_50' title='bbox 327 1070 444 1146; x_wconf 82' lang='grc' dir='ltr'><strong><em>συλίας</em></strong></span> <span class='ocrx_word' id='word_1_51' title='bbox 470 1070 525 1134; x_wconf 85' lang='grc' dir='ltr'>καὶ</span> <span class='ocrx_word' id='word_1_52' title='bbox 547 1071 607 1156; x_wconf 82' lang='grc' dir='ltr'>τῆς</span> <span class='ocrx_word' id='word_1_53' title='bbox 635 1068 842 1150; x_wconf 76' lang='grc' dir='ltr'><strong><em>προδοσίας·</em></strong></span> <span class='ocrx_word' id='word_1_54' title='bbox 868 1061 1007 1152; x_wconf 64' lang='grc' dir='ltr'><strong><em>ὕστερον</em></strong></span> <span class='ocrx_word' id='word_1_55' title='bbox 1034 1062 1103 1134; x_wconf 75' lang='grc' dir='ltr'>δὀἱ</span> <span class='ocrx_word' id='word_1_56' title='bbox 1126 1065 1294 1154; x_wconf 81' lang='grc' dir='ltr'><strong><em>Μιλήσιοι</em></strong></span> <span class='ocrx_word' id='word_1_57' title='bbox 1324 1071 1480 1150; x_wconf 83' lang='grc' dir='ltr'><strong><em>μέγιστον</em></strong></span> 
     </span>
     <span class='ocr_line' id='line_1_8' title="bbox 327 1163 1480 1256; baseline 0 -20"><span class='ocrx_word' id='word_1_58' title='bbox 327 1169 408 1236; x_wconf 78' lang='grc' dir='ltr'><strong><em>νειὸν</em></strong></span> <span class='ocrx_word' id='word_1_59' title='bbox 437 1173 503 1236; x_wconf 81' lang='grc' dir='ltr'>τιῦν</span> <span class='ocrx_word' id='word_1_60' title='bbox 535 1170 671 1237; x_wconf 85' lang='grc' dir='ltr'><strong><em>πάντων</em></strong></span> <span class='ocrx_word' id='word_1_61' title='bbox 699 1170 958 1250; x_wconf 76' lang='grc' dir='ltr'><strong><em>κατεσκεύασαν,</em></strong></span> <span class='ocrx_word' id='word_1_62' title='bbox 988 1170 1132 1254; x_wconf 80' lang='grc' dir='ltr'><strong><em>διέμεινε</em></strong></span> <span class='ocrx_word' id='word_1_63' title='bbox 1161 1169 1197 1234; x_wconf 81' lang='grc' dir='ltr'>δὲ</span> <span class='ocrx_word' id='word_1_64' title='bbox 1223 1171 1325 1251; x_wconf 81' lang='grc' dir='ltr'><strong><em>χωρὶς</em></strong></span> <span class='ocrx_word' id='word_1_65' title='bbox 1352 1163 1480 1256; x_wconf 69' lang='grc' dir='ltr'><strong><em>ὀροφῆς</em></strong></span> 
     </span>
     <span class='ocr_line' id='line_1_9' title="bbox 327 1271 1480 1360; baseline -0.001 -23"><span class='ocrx_word' id='word_1_66' title='bbox 327 1271 384 1337; x_wconf 81' lang='grc' dir='ltr'>διὰ</span> <span class='ocrx_word' id='word_1_67' title='bbox 403 1271 440 1338; x_wconf 89' lang='grc' dir='ltr'>τὸ</span> <span class='ocrx_word' id='word_1_68' title='bbox 459 1276 618 1357; x_wconf 72' lang='grc' dir='ltr'><strong><em>μέγεθος</em></strong></span> <span class='ocrx_word' id='word_1_69' title='bbox 636 1272 747 1360; x_wconf 84' lang='grc' dir='ltr'><strong><em>κώμης</em></strong></span> <span class='ocrx_word' id='word_1_70' title='bbox 768 1280 846 1356; x_wconf 82' lang='grc' dir='ltr'><strong><em>γοῦν</em></strong></span> <span class='ocrx_word' id='word_1_71' title='bbox 869 1279 1039 1340; x_wconf 76' lang='grc' dir='ltr'><strong><em>κατοικίαν</em></strong></span> <span class='ocrx_word' id='word_1_72' title='bbox 1065 1273 1081 1338; x_wconf 82' lang='grc' dir='ltr'><em>ὃ</em></span> <span class='ocrx_word' id='word_1_73' title='bbox 1103 1274 1161 1337; x_wconf 81' lang='grc' dir='ltr'><em>τοὺ</em></span> <span class='ocrx_word' id='word_1_74' title='bbox 1185 1273 1285 1356; x_wconf 81' lang='grc' dir='ltr'><strong><em>σηκοῦ</em></strong></span> <span class='ocrx_word' id='word_1_75' title='bbox 1301 1273 1480 1354; x_wconf 77' lang='grc' dir='ltr'><strong><em>περίβολος</em></strong></span> 
     </span>
     <span class='ocr_line' id='line_1_10' title="bbox 328 1367 1479 1460; baseline 0 -21"><span class='ocrx_word' id='word_1_76' title='bbox 328 1374 476 1440; x_wconf 83' lang='grc' dir='ltr'><strong><em>δέδεκται</em></strong></span> <span class='ocrx_word' id='word_1_77' title='bbox 493 1378 546 1440; x_wconf 81' lang='grc' dir='ltr'>καὶ</span> <span class='ocrx_word' id='word_1_78' title='bbox 563 1368 667 1451; x_wconf 76' lang='grc' dir='ltr'><strong><em>ἄλσος</em></strong></span> <span class='ocrx_word' id='word_1_79' title='bbox 683 1372 774 1452; x_wconf 75' lang='grc' dir='ltr'><strong><em>ἐντός</em></strong></span> <span class='ocrx_word' id='word_1_80' title='bbox 789 1399 825 1438; x_wconf 84' lang='grc' dir='ltr'>τε</span> <span class='ocrx_word' id='word_1_81' title='bbox 841 1380 894 1439; x_wconf 85' lang='grc' dir='ltr'>καί</span> <span class='ocrx_word' id='word_1_82' title='bbox 909 1373 1210 1450; x_wconf 60' lang='lat' dir='ltr'>asseculante·</span> <span class='ocrx_word' id='word_1_83' title='bbox 1228 1367 1323 1439; x_wconf 77' lang='grc' dir='ltr'><strong><em>ἄλλοι</em></strong></span> <span class='ocrx_word' id='word_1_84' title='bbox 1336 1373 1372 1438; x_wconf 84' lang='grc' dir='ltr'>δὲ</span> <span class='ocrx_word' id='word_1_85' title='bbox 1385 1375 1479 1460; x_wconf 82' lang='grc' dir='ltr'><strong><em>σηκοὶ</em></strong></span> 
     </span>
     <span class='ocr_line' id='line_1_11' title="bbox 327 1473 974 1560; baseline 0.002 -19"><span class='ocrx_word' id='word_1_86' title='bbox 327 1473 364 1542; x_wconf 80' lang='grc' dir='ltr'>τὸ</span> <span class='ocrx_word' id='word_1_87' title='bbox 381 1491 538 1560; x_wconf 83' lang='grc' dir='ltr'><strong><em>μαντεῖον</em></strong></span> <span class='ocrx_word' id='word_1_88' title='bbox 554 1479 608 1542; x_wconf 86' lang='grc' dir='ltr'>καὶ</span> <span class='ocrx_word' id='word_1_89' title='bbox 624 1476 666 1541; x_wconf 82' lang='grc' dir='ltr'>τὰ</span> <span class='ocrx_word' id='word_1_90' title='bbox 683 1476 757 1558; x_wconf 78' lang='grc' dir='ltr'><strong><em>ἱερὰ</em></strong></span> <span class='ocrx_word' id='word_1_91' title='bbox 774 1476 974 1559; x_wconf 78' lang='grc' dir='ltr'><strong><em>συνέχουσιν.</em></strong></span> 
     </span>
    </p>

    <p class='ocr_par' dir='ltr' id='par_1_4' title="bbox 330 1581 1485 3609">
     <span class='ocr_line' id='line_1_12' title="bbox 414 1581 1479 1667; baseline 0 -21"><span class='ocrx_word' id='word_1_92' title='bbox 414 1581 627 1664; x_wconf 90' lang='lat' dir='ltr'>Didymorum</span> <span class='ocrx_word' id='word_1_93' title='bbox 648 1588 755 1646; x_wconf 92' lang='lat' dir='ltr'>autem</span> <span class='ocrx_word' id='word_1_94' title='bbox 779 1582 933 1667; x_wconf 90' lang='lat' dir='ltr'>templum</span> <span class='ocrx_word' id='word_1_95' title='bbox 958 1589 990 1648; x_wconf 89' lang='lat' dir='ltr'>et</span> <span class='ocrx_word' id='word_1_96' title='bbox 1012 1581 1174 1647; x_wconf 90' lang='lat' dir='ltr'>oraculum</span> <span class='ocrx_word' id='word_1_97' title='bbox 1199 1586 1268 1645; x_wconf 89' lang='lat' dir='ltr'>erat</span> <span class='ocrx_word' id='word_1_98' title='bbox 1282 1581 1479 1646; x_wconf 88' lang='lat' dir='ltr'>Milesiorum</span> 
     </span>
     <span class='ocr_line' id='line_1_13' title="bbox 330 1682 1479 1767; baseline -0.002 -18"><span class='ocrx_word' id='word_1_99' title='bbox 330 1703 465 1766; x_wconf 88' lang='lat' dir='ltr'>eamque</span> <span class='ocrx_word' id='word_1_100' title='bbox 481 1685 522 1748; x_wconf 92' lang='lat' dir='ltr'>ob</span> <span class='ocrx_word' id='word_1_101' title='bbox 538 1703 667 1749; x_wconf 85' lang='lat' dir='ltr'>causam</span> <span class='ocrx_word' id='word_1_102' title='bbox 685 1683 829 1767; x_wconf 81' lang='lat' dir='ltr'>Milesiis,</span> <span class='ocrx_word' id='word_1_103' title='bbox 853 1690 888 1748; x_wconf 91' lang='lat' dir='ltr'>ut</span> <span class='ocrx_word' id='word_1_104' title='bbox 909 1689 1043 1750; x_wconf 86' lang='lat' dir='ltr'>testatur</span> <span class='ocrx_word' id='word_1_105' title='bbox 1059 1683 1235 1748; x_wconf 80' lang='lat' dir='ltr'>Pausanias</span> <span class='ocrx_word' id='word_1_106' title='bbox 1252 1683 1275 1746; x_wconf 95' lang='lat' dir='ltr'>I.</span> <span class='ocrx_word' id='word_1_107' title='bbox 1293 1684 1330 1745; x_wconf 86' lang='grc'>16</span> <span class='ocrx_word' id='word_1_108' title='bbox 1347 1690 1379 1747; x_wconf 92' lang='lat' dir='ltr'>et</span> <span class='ocrx_word' id='word_1_109' title='bbox 1393 1682 1479 1747; x_wconf 89' lang='lat' dir='ltr'>VIII.</span> 
     </span>
     <span class='ocr_line' id='line_1_14' title="bbox 331 1783 1480 1870; baseline 0.001 -21"><span class='ocrx_word' id='word_1_110' title='bbox 331 1790 381 1870; x_wconf 84' lang='grc'>46,</span> <span class='ocrx_word' id='word_1_111' title='bbox 405 1787 547 1852; x_wconf 91' lang='lat' dir='ltr'>restituit</span> <span class='ocrx_word' id='word_1_112' title='bbox 568 1785 722 1852; x_wconf 83' lang='lat' dir='ltr'>Seleucus</span> <span class='ocrx_word' id='word_1_113' title='bbox 738 1786 871 1851; x_wconf 81' lang='lat' dir='ltr'>Nicator</span> <span class='ocrx_word' id='word_1_114' title='bbox 886 1787 1046 1868; x_wconf 84' lang='lat' dir='ltr'>Apollinis</span> <span class='ocrx_word' id='word_1_115' title='bbox 1069 1791 1217 1866; x_wconf 88' lang='lat' dir='ltr'>statuam,</span> <span class='ocrx_word' id='word_1_116' title='bbox 1241 1804 1336 1867; x_wconf 91' lang='lat' dir='ltr'>quam</span> <span class='ocrx_word' id='word_1_117' title='bbox 1353 1783 1480 1850; x_wconf 84' lang='lat' dir='ltr'>Xerxes</span> 
     </span>
     <span class='ocr_line' id='line_1_15' title="bbox 330 1885 1480 1971; baseline -0.004 -15"><span class='ocrx_word' id='word_1_118' title='bbox 330 1889 495 1956; x_wconf 76' lang='lat' dir='ltr'>Ecbatana</span> <span class='ocrx_word' id='word_1_119' title='bbox 518 1886 750 1970; x_wconf 85' lang='lat' dir='ltr'>deportandam</span> <span class='ocrx_word' id='word_1_120' title='bbox 775 1897 951 1953; x_wconf 82' lang='lat' dir='ltr'>curaverat.</span> <span class='ocrx_word' id='word_1_121' title='bbox 996 1885 1200 1971; x_wconf 82' lang='lat' dir='ltr'>Quapropter</span> <span class='ocrx_word' id='word_1_122' title='bbox 1225 1888 1321 1952; x_wconf 88' lang='lat' dir='ltr'>etiam</span> <span class='ocrx_word' id='word_1_123' title='bbox 1353 1886 1480 1952; x_wconf 83' lang='lat' dir='ltr'>Miletus</span> 
     </span>
     <span class='ocr_line' id='line_1_16' title="bbox 330 1981 1481 2074; baseline -0.002 -18"><span class='ocrx_word' id='word_1_124' title='bbox 330 1991 555 2074; x_wconf 86' lang='lat' dir='ltr'>appellabatur</span> <span class='ocrx_word' id='word_1_125' title='bbox 582 1985 709 2073; x_wconf 78' lang='grc' dir='ltr'><strong><em>τροφὸς</em></strong></span> <span class='ocrx_word' id='word_1_126' title='bbox 736 1991 796 2052; x_wconf 68' lang='grc' dir='ltr'><strong><em>τοι]</em></strong></span> <span class='ocrx_word' id='word_1_127' title='bbox 825 1988 993 2070; x_wconf 75' lang='grc' dir='ltr'><strong><em>Διδυμίου</em></strong></span> <span class='ocrx_word' id='word_1_128' title='bbox 1009 1981 1221 2062; x_wconf 77' lang='grc' dir='ltr'><strong><em>Ἀπόλλωνος</em></strong></span> <span class='ocrx_word' id='word_1_129' title='bbox 1254 1989 1286 2052; x_wconf 85' lang='lat' dir='ltr'>ln</span> <span class='ocrx_word' id='word_1_130' title='bbox 1317 1989 1409 2054; x_wconf 83' lang='lat' dir='ltr'>tilulo</span> <span class='ocrx_word' id='word_1_131' title='bbox 1439 1988 1481 2054; x_wconf 87' lang='lat' dir='ltr'>ab</span> 
     </span>
     <span class='ocr_line' id='line_1_17' title="bbox 331 2089 1478 2174; baseline -0.004 -15"><span class='ocrx_word' id='word_1_132' title='bbox 331 2092 447 2159; x_wconf 90' lang='lat' dir='ltr'>Otlone</span> <span class='ocrx_word' id='word_1_133' title='bbox 464 2092 641 2156; x_wconf 87' lang='lat' dir='ltr'>Riemanno</span> <span class='ocrx_word' id='word_1_134' title='bbox 665 2091 752 2157; x_wconf 88' lang='lat' dir='ltr'>edito</span> <span class='ocrx_word' id='word_1_135' title='bbox 768 2092 862 2161; x_wconf 90' lang='lat' dir='ltr'>(Bull.</span> <span class='ocrx_word' id='word_1_136' title='bbox 879 2091 920 2158; x_wconf 92' lang='lat' dir='ltr'>de</span> <span class='ocrx_word' id='word_1_137' title='bbox 936 2113 1015 2158; x_wconf 91' lang='lat' dir='ltr'>corr.</span> <span class='ocrx_word' id='word_1_138' title='bbox 1033 2089 1107 2155; x_wconf 91' lang='lat' dir='ltr'>bell.</span> <span class='ocrx_word' id='word_1_139' title='bbox 1124 2091 1138 2154; x_wconf 95' lang='lat' dir='ltr'>I</span> <span class='ocrx_word' id='word_1_140' title='bbox 1154 2092 1262 2168; x_wconf 82' lang='lat'>(1877)</span> <span class='ocrx_word' id='word_1_141' title='bbox 1285 2112 1316 2173; x_wconf 90' lang='lat' dir='ltr'>p.</span> <span class='ocrx_word' id='word_1_142' title='bbox 1333 2093 1395 2154; x_wconf 81' lang='lat'>288</span> <span class='ocrx_word' id='word_1_143' title='bbox 1409 2109 1478 2174; x_wconf 90' lang='lat' dir='ltr'>sqq.</span> 
     </span>
     <span class='ocr_line' id='line_1_18' title="bbox 331 2192 1481 2276; baseline -0.001 -17"><span class='ocrx_word' id='word_1_144' title='bbox 331 2215 376 2259; x_wconf 90' lang='lat' dir='ltr'>nr.</span> <span class='ocrx_word' id='word_1_145' title='bbox 394 2196 457 2271; x_wconf 83' lang='lat'>65).</span> <span class='ocrx_word' id='word_1_146' title='bbox 502 2194 624 2258; x_wconf 84' lang='lat' dir='ltr'>Aberat</span> <span class='ocrx_word' id='word_1_147' title='bbox 645 2199 751 2258; x_wconf 87' lang='lat' dir='ltr'>autem</span> <span class='ocrx_word' id='word_1_148' title='bbox 774 2213 837 2258; x_wconf 93' lang='lat' dir='ltr'>non</span> <span class='ocrx_word' id='word_1_149' title='bbox 859 2196 971 2276; x_wconf 90' lang='lat' dir='ltr'>procul</span> <span class='ocrx_word' id='word_1_150' title='bbox 1001 2195 1043 2258; x_wconf 88' lang='lat' dir='ltr'>ab</span> <span class='ocrx_word' id='word_1_151' title='bbox 1065 2194 1218 2259; x_wconf 82' lang='lat' dir='ltr'>Eumenis</span> <span class='ocrx_word' id='word_1_152' title='bbox 1246 2194 1332 2276; x_wconf 86' lang='lat' dir='ltr'>regis</span> <span class='ocrx_word' id='word_1_153' title='bbox 1355 2192 1481 2274; x_wconf 89' lang='lat' dir='ltr'>finibus,</span> 
     </span>
     <span class='ocr_line' id='line_1_19' title="bbox 331 2292 1481 2381; baseline -0.003 -18"><span class='ocrx_word' id='word_1_154' title='bbox 331 2297 520 2381; x_wconf 87' lang='lat' dir='ltr'>praesertim</span> <span class='ocrx_word' id='word_1_155' title='bbox 533 2316 605 2360; x_wconf 89' lang='lat' dir='ltr'>curn</span> <span class='ocrx_word' id='word_1_156' title='bbox 618 2315 660 2361; x_wconf 84' lang='lat' dir='ltr'>ex</span> <span class='ocrx_word' id='word_1_157' title='bbox 672 2315 756 2361; x_wconf 89' lang='lat' dir='ltr'>anno</span> <span class='ocrx_word' id='word_1_158' title='bbox 771 2299 830 2360; x_wconf 88' lang='lat'>188</span> <span class='ocrx_word' id='word_1_159' title='bbox 843 2316 872 2362; x_wconf 89' lang='lat' dir='ltr'>a.</span> <span class='ocrx_word' id='word_1_160' title='bbox 886 2296 959 2362; x_wconf 85' lang='lat' dir='ltr'>Obr.</span> <span class='ocrx_word' id='word_1_161' title='bbox 973 2318 1004 2364; x_wconf 89' lang='lat' dir='ltr'>n.</span> <span class='ocrx_word' id='word_1_162' title='bbox 1013 2295 1119 2379; x_wconf 87' lang='lat' dir='ltr'>Lydia</span> <span class='ocrx_word' id='word_1_163' title='bbox 1131 2303 1163 2360; x_wconf 90' lang='lat' dir='ltr'>et</span> <span class='ocrx_word' id='word_1_164' title='bbox 1174 2297 1310 2378; x_wconf 80' lang='lat' dir='ltr'>Tralles,</span> <span class='ocrx_word' id='word_1_165' title='bbox 1323 2292 1481 2378; x_wconf 83' lang='lat' dir='ltr'>Ephesus,</span> 
     </span>
     <span class='ocr_line' id='line_1_20' title="bbox 331 2396 1481 2482; baseline -0.002 -18"><span class='ocrx_word' id='word_1_166' title='bbox 331 2399 516 2467; x_wconf 78' lang='lat' dir='ltr'>Telmessus</span> <span class='ocrx_word' id='word_1_167' title='bbox 539 2399 607 2479; x_wconf 87' lang='lat' dir='ltr'>regi</span> <span class='ocrx_word' id='word_1_168' title='bbox 630 2397 830 2480; x_wconf 85' lang='lat' dir='ltr'>Pergameno</span> <span class='ocrx_word' id='word_1_169' title='bbox 853 2399 1006 2465; x_wconf 88' lang='lat' dir='ltr'>attributa</span> <span class='ocrx_word' id='word_1_170' title='bbox 1028 2405 1135 2465; x_wconf 90' lang='lat' dir='ltr'>essent</span> <span class='ocrx_word' id='word_1_171' title='bbox 1164 2399 1231 2474; x_wconf 83' lang='lat' dir='ltr'>(cir.</span> <span class='ocrx_word' id='word_1_172' title='bbox 1255 2398 1369 2482; x_wconf 89' lang='lat' dir='ltr'>Polyb.</span> <span class='ocrx_word' id='word_1_173' title='bbox 1391 2396 1481 2462; x_wconf 90' lang='lat' dir='ltr'>XXI.</span> 
     </span>
     <span class='ocr_line' id='line_1_21' title="bbox 334 2500 1482 2585; baseline -0.001 -21"><span class='ocrx_word' id='word_1_174' title='bbox 334 2505 384 2565; x_wconf 82' lang='grc'>48.</span> <span class='ocrx_word' id='word_1_175' title='bbox 410 2504 458 2582; x_wconf 84' lang='grc'>10,</span> <span class='ocrx_word' id='word_1_176' title='bbox 482 2501 552 2565; x_wconf 78' lang='lat' dir='ltr'>Lis.</span> <span class='ocrx_word' id='word_1_177' title='bbox 569 2500 753 2565; x_wconf 88' lang='lat' dir='ltr'>XXXVIII.</span> <span class='ocrx_word' id='word_1_178' title='bbox 771 2504 820 2566; x_wconf 84' lang='grc'>39.</span> <span class='ocrx_word' id='word_1_179' title='bbox 848 2503 899 2578; x_wconf 85' lang='grc'>16)</span> <span class='ocrx_word' id='word_1_180' title='bbox 928 2508 960 2567; x_wconf 90' lang='lat' dir='ltr'>et</span> <span class='ocrx_word' id='word_1_181' title='bbox 983 2501 1127 2584; x_wconf 87' lang='lat' dir='ltr'>Milesiis,</span> <span class='ocrx_word' id='word_1_182' title='bbox 1150 2503 1205 2585; x_wconf 93' lang='lat' dir='ltr'>qui</span> <span class='ocrx_word' id='word_1_183' title='bbox 1234 2503 1267 2566; x_wconf 93' lang='lat' dir='ltr'>in</span> <span class='ocrx_word' id='word_1_184' title='bbox 1295 2501 1381 2566; x_wconf 92' lang='lat' dir='ltr'>bello</span> <span class='ocrx_word' id='word_1_185' title='bbox 1410 2519 1482 2566; x_wconf 92' lang='lat' dir='ltr'>cum</span> 
     </span>
     <span class='ocr_line' id='line_1_22' title="bbox 333 2596 1481 2687; baseline 0 -21"><span class='ocrx_word' id='word_1_186' title='bbox 333 2596 491 2668; x_wconf 87' lang='lat' dir='ltr'>Antiocho</span> <span class='ocrx_word' id='word_1_187' title='bbox 507 2601 563 2665; x_wconf 94' lang='lat' dir='ltr'>III.</span> <span class='ocrx_word' id='word_1_188' title='bbox 588 2602 714 2684; x_wconf 81' lang='lat' dir='ltr'>Magno,</span> <span class='ocrx_word' id='word_1_189' title='bbox 737 2601 852 2687; x_wconf 84' lang='lat' dir='ltr'>Syriae</span> <span class='ocrx_word' id='word_1_190' title='bbox 873 2623 960 2687; x_wconf 85' lang='lat' dir='ltr'>rege,</span> <span class='ocrx_word' id='word_1_191' title='bbox 984 2608 1075 2687; x_wconf 85' lang='lat' dir='ltr'>gesto</span> <span class='ocrx_word' id='word_1_192' title='bbox 1098 2624 1119 2668; x_wconf 93' lang='lat' dir='ltr'>a</span> <span class='ocrx_word' id='word_1_193' title='bbox 1141 2603 1294 2671; x_wconf 89' lang='lat' dir='ltr'>Romanis</span> <span class='ocrx_word' id='word_1_194' title='bbox 1316 2608 1481 2684; x_wconf 88' lang='lat' dir='ltr'>steterant,</span> 
     </span>
     <span class='ocr_line' id='line_1_23' title="bbox 334 2704 1484 2790; baseline -0.001 -19"><span class='ocrx_word' id='word_1_195' title='bbox 334 2724 429 2786; x_wconf 91' lang='lat' dir='ltr'>super</span> <span class='ocrx_word' id='word_1_196' title='bbox 452 2705 682 2770; x_wconf 88' lang='lat' dir='ltr'>immunitatem</span> <span class='ocrx_word' id='word_1_197' title='bbox 696 2723 775 2786; x_wconf 85' lang='lat' dir='ltr'>ager</span> <span class='ocrx_word' id='word_1_198' title='bbox 796 2725 887 2770; x_wconf 88' lang='lat' dir='ltr'>sacer</span> <span class='ocrx_word' id='word_1_199' title='bbox 908 2706 1101 2790; x_wconf 88' lang='lat' dir='ltr'>appellatus,</span> <span class='ocrx_word' id='word_1_200' title='bbox 1123 2706 1155 2770; x_wconf 94' lang='lat' dir='ltr'>in</span> <span class='ocrx_word' id='word_1_201' title='bbox 1179 2725 1243 2788; x_wconf 92' lang='lat' dir='ltr'>quo</span> <span class='ocrx_word' id='word_1_202' title='bbox 1259 2704 1401 2788; x_wconf 89' lang='lat' dir='ltr'>Didyma</span> <span class='ocrx_word' id='word_1_203' title='bbox 1422 2705 1484 2772; x_wconf 89' lang='lat' dir='ltr'>sita</span> 
     </span>
     <span class='ocr_line' id='line_1_24' title="bbox 333 2804 1483 2890; baseline 0 -18"><span class='ocrx_word' id='word_1_204' title='bbox 333 2807 432 2872; x_wconf 86' lang='lat' dir='ltr'>fulsse</span> <span class='ocrx_word' id='word_1_205' title='bbox 456 2804 619 2888; x_wconf 89' lang='lat' dir='ltr'>videntur,</span> <span class='ocrx_word' id='word_1_206' title='bbox 643 2805 807 2872; x_wconf 87' lang='lat' dir='ltr'>restitutus</span> <span class='ocrx_word' id='word_1_207' title='bbox 829 2813 915 2874; x_wconf 90' lang='lat' dir='ltr'>esset</span> <span class='ocrx_word' id='word_1_208' title='bbox 936 2808 1002 2886; x_wconf 85' lang='lat' dir='ltr'>(clu.</span> <span class='ocrx_word' id='word_1_209' title='bbox 1019 2807 1133 2890; x_wconf 86' lang='lat' dir='ltr'>Polyb.</span> <span class='ocrx_word' id='word_1_210' title='bbox 1157 2808 1177 2872; x_wconf 92' lang='lat' dir='ltr'>l.</span> <span class='ocrx_word' id='word_1_211' title='bbox 1194 2808 1213 2872; x_wconf 92' lang='lat' dir='ltr'>l.</span> <span class='ocrx_word' id='word_1_212' title='bbox 1235 2809 1254 2884; x_wconf 67' lang='grc' dir='ltr'><strong>ξ</strong></span> <span class='ocrx_word' id='word_1_213' title='bbox 1278 2810 1306 2889; x_wconf 87' lang='grc'>5,</span> <span class='ocrx_word' id='word_1_214' title='bbox 1330 2807 1401 2872; x_wconf 87' lang='lat' dir='ltr'>Liv.</span> <span class='ocrx_word' id='word_1_215' title='bbox 1424 2807 1444 2871; x_wconf 94' lang='lat' dir='ltr'>l.</span> <span class='ocrx_word' id='word_1_216' title='bbox 1461 2808 1483 2872; x_wconf 95' lang='lat' dir='ltr'>l.</span> 
     </span>
     <span class='ocr_line' id='line_1_25' title="bbox 333 2907 1485 2992; baseline 0.003 -20"><span class='ocrx_word' id='word_1_217' title='bbox 333 2911 415 2986; x_wconf 70' lang='lat' dir='ltr'>§tlt</span> <span class='ocrx_word' id='word_1_218' title='bbox 461 2907 527 2974; x_wconf 90' lang='lat' dir='ltr'>Sed</span> <span class='ocrx_word' id='word_1_219' title='bbox 550 2909 686 2976; x_wconf 83' lang='lat' dir='ltr'>Eumeni</span> <span class='ocrx_word' id='word_1_220' title='bbox 715 2910 783 2992; x_wconf 88' lang='lat' dir='ltr'>regi</span> <span class='ocrx_word' id='word_1_221' title='bbox 812 2909 986 2976; x_wconf 88' lang='lat' dir='ltr'>amicitiam</span> <span class='ocrx_word' id='word_1_222' title='bbox 1017 2930 1088 2976; x_wconf 91' lang='lat' dir='ltr'>curn</span> <span class='ocrx_word' id='word_1_223' title='bbox 1112 2910 1245 2976; x_wconf 89' lang='lat' dir='ltr'>Milesiis</span> <span class='ocrx_word' id='word_1_224' title='bbox 1274 2910 1373 2975; x_wconf 87' lang='lat' dir='ltr'>luisse</span> <span class='ocrx_word' id='word_1_225' title='bbox 1397 2908 1485 2976; x_wconf 91' lang='lat' dir='ltr'>baud</span> 
     </span>
     <span class='ocr_line' id='line_1_26' title="bbox 334 3011 1484 3098; baseline 0.002 -22"><span class='ocrx_word' id='word_1_226' title='bbox 334 3017 519 3076; x_wconf 88' lang='lat' dir='ltr'>cunctanter</span> <span class='ocrx_word' id='word_1_227' title='bbox 534 3012 615 3078; x_wconf 90' lang='lat' dir='ltr'>sumi</span> <span class='ocrx_word' id='word_1_228' title='bbox 638 3011 723 3095; x_wconf 91' lang='lat' dir='ltr'>licet,</span> <span class='ocrx_word' id='word_1_229' title='bbox 747 3013 867 3098; x_wconf 92' lang='lat' dir='ltr'>quippe</span> <span class='ocrx_word' id='word_1_230' title='bbox 890 3034 961 3079; x_wconf 92' lang='lat' dir='ltr'>cum</span> <span class='ocrx_word' id='word_1_231' title='bbox 978 3018 1110 3096; x_wconf 91' lang='lat' dir='ltr'>uterque</span> <span class='ocrx_word' id='word_1_232' title='bbox 1134 3013 1166 3076; x_wconf 95' lang='lat' dir='ltr'>in</span> <span class='ocrx_word' id='word_1_233' title='bbox 1188 3012 1275 3077; x_wconf 91' lang='lat' dir='ltr'>bello</span> <span class='ocrx_word' id='word_1_234' title='bbox 1290 3011 1484 3078; x_wconf 85' lang='lat' dir='ltr'>Antiochino</span> 
     </span>
     <span class='ocr_line' id='line_1_27' title="bbox 335 3113 1484 3196; baseline 0.001 -17"><span class='ocrx_word' id='word_1_235' title='bbox 335 3133 406 3180; x_wconf 89' lang='lat' dir='ltr'>cum</span> <span class='ocrx_word' id='word_1_236' title='bbox 425 3115 577 3180; x_wconf 86' lang='lat' dir='ltr'>Romanis</span> <span class='ocrx_word' id='word_1_237' title='bbox 591 3115 705 3181; x_wconf 84' lang='lat' dir='ltr'>lecerit</span> <span class='ocrx_word' id='word_1_238' title='bbox 726 3122 759 3180; x_wconf 91' lang='lat' dir='ltr'>et</span> <span class='ocrx_word' id='word_1_239' title='bbox 773 3133 831 3180; x_wconf 84' lang='lat' dir='ltr'>ren</span> <span class='ocrx_word' id='word_1_240' title='bbox 849 3113 1012 3182; x_wconf 88' lang='lat' dir='ltr'>beneficiis</span> <span class='ocrx_word' id='word_1_241' title='bbox 1031 3115 1279 3196; x_wconf 86' lang='lat' dir='ltr'>muneribusque</span> <span class='ocrx_word' id='word_1_242' title='bbox 1292 3113 1484 3180; x_wconf 82' lang='lat' dir='ltr'>Graecorum</span> 
     </span>
     <span class='ocr_line' id='line_1_28' title="bbox 335 3215 1483 3300; baseline -0.002 -18"><span class='ocrx_word' id='word_1_243' title='bbox 335 3223 367 3282; x_wconf 89' lang='lat' dir='ltr'>et</span> <span class='ocrx_word' id='word_1_244' title='bbox 383 3216 530 3298; x_wconf 81' lang='lat' dir='ltr'>Europae</span> <span class='ocrx_word' id='word_1_245' title='bbox 553 3222 585 3281; x_wconf 90' lang='lat' dir='ltr'>et</span> <span class='ocrx_word' id='word_1_246' title='bbox 599 3216 699 3282; x_wconf 78' lang='lat' dir='ltr'>Astae</span> <span class='ocrx_word' id='word_1_247' title='bbox 721 3217 843 3300; x_wconf 89' lang='lat' dir='ltr'>oppida</span> <span class='ocrx_word' id='word_1_248' title='bbox 866 3217 1077 3298; x_wconf 86' lang='lat' dir='ltr'>civitatesque</span> <span class='ocrx_word' id='word_1_249' title='bbox 1093 3215 1154 3281; x_wconf 92' lang='lat' dir='ltr'>sibi</span> <span class='ocrx_word' id='word_1_250' title='bbox 1175 3215 1373 3300; x_wconf 87' lang='lat' dir='ltr'>obstringere</span> <span class='ocrx_word' id='word_1_251' title='bbox 1396 3217 1483 3281; x_wconf 91' lang='lat' dir='ltr'>omni</span> 
     </span>
     <span class='ocr_line' id='line_1_29' title="bbox 336 3317 1483 3402; baseline 0.001 -20"><span class='ocrx_word' id='word_1_252' title='bbox 336 3325 482 3400; x_wconf 91' lang='lat' dir='ltr'>temporo</span> <span class='ocrx_word' id='word_1_253' title='bbox 493 3317 650 3384; x_wconf 86' lang='lat' dir='ltr'>studuerit</span> <span class='ocrx_word' id='word_1_254' title='bbox 662 3317 728 3395; x_wconf 82' lang='lat' dir='ltr'>(cir.</span> <span class='ocrx_word' id='word_1_255' title='bbox 742 3319 856 3402; x_wconf 94' lang='lat' dir='ltr'>Polyb.</span> <span class='ocrx_word' id='word_1_256' title='bbox 869 3317 1008 3384; x_wconf 89' lang='lat' dir='ltr'>XXXII.</span> <span class='ocrx_word' id='word_1_257' title='bbox 1022 3321 1071 3382; x_wconf 79' lang='lat'>22.</span> <span class='ocrx_word' id='word_1_258' title='bbox 1086 3323 1114 3400; x_wconf 87' lang='lat'>5,</span> <span class='ocrx_word' id='word_1_259' title='bbox 1131 3317 1201 3382; x_wconf 79' lang='lat' dir='ltr'>Lis.</span> <span class='ocrx_word' id='word_1_260' title='bbox 1214 3317 1385 3384; x_wconf 88' lang='lat' dir='ltr'>XXXXII.</span> <span class='ocrx_word' id='word_1_261' title='bbox 1399 3323 1428 3382; x_wconf 88' lang='lat'>5.</span> <span class='ocrx_word' id='word_1_262' title='bbox 1442 3321 1483 3396; x_wconf 88' lang='grc'>3).</span> 
     </span>
     <span class='ocr_line' id='line_1_30' title="bbox 336 3419 1485 3506; baseline 0.002 -21"><span class='ocrx_word' id='word_1_263' title='bbox 336 3419 459 3498; x_wconf 79' lang='lat' dir='ltr'>Quibus</span> <span class='ocrx_word' id='word_1_264' title='bbox 468 3419 508 3486; x_wconf 91' lang='lat' dir='ltr'>de</span> <span class='ocrx_word' id='word_1_265' title='bbox 525 3421 629 3488; x_wconf 88' lang='lat' dir='ltr'>causis</span> <span class='ocrx_word' id='word_1_266' title='bbox 641 3420 788 3506; x_wconf 87' lang='lat' dir='ltr'>Didym</span> <span class='ocrx_word' id='word_1_267' title='bbox 798 3423 807 3486; x_wconf 95' lang='lat' dir='ltr'>i</span> <span class='ocrx_word' id='word_1_268' title='bbox 817 3443 832 3488; x_wconf 87' lang='lat' dir='ltr'>s</span> <span class='ocrx_word' id='word_1_269' title='bbox 844 3419 1113 3488; x_wconf 88' lang='lat' dir='ltr'>tetradraebmum</span> <span class='ocrx_word' id='word_1_270' title='bbox 1124 3420 1158 3485; x_wconf 95' lang='lat' dir='ltr'>in</span> <span class='ocrx_word' id='word_1_271' title='bbox 1172 3419 1324 3486; x_wconf 90' lang='lat' dir='ltr'>bonorem</span> <span class='ocrx_word' id='word_1_272' title='bbox 1334 3421 1485 3488; x_wconf 80' lang='lat' dir='ltr'>Eumenis</span> 
     </span>
     <span class='ocr_line' id='line_1_31' title="bbox 335 3522 1051 3609; baseline -0.004 -19"><span class='ocrx_word' id='word_1_273' title='bbox 335 3525 421 3607; x_wconf 84' lang='lat' dir='ltr'>regis</span> <span class='ocrx_word' id='word_1_274' title='bbox 444 3543 515 3590; x_wconf 91' lang='lat' dir='ltr'>esse</span> <span class='ocrx_word' id='word_1_275' title='bbox 537 3543 723 3608; x_wconf 90' lang='lat' dir='ltr'>percussum</span> <span class='ocrx_word' id='word_1_276' title='bbox 745 3543 804 3609; x_wconf 88' lang='lat' dir='ltr'>pro</span> <span class='ocrx_word' id='word_1_277' title='bbox 828 3531 914 3590; x_wconf 92' lang='lat' dir='ltr'>certo</span> <span class='ocrx_word' id='word_1_278' title='bbox 937 3522 1051 3590; x_wconf 89' lang='lat' dir='ltr'>babeo.</span> 
     </span>
    </p>

    <p class='ocr_par' dir='ltr' id='par_1_5' title="bbox 337 3625 1489 4221">
     <span class='ocr_line' id='line_1_32' title="bbox 422 3625 1485 3712; baseline 0 -20"><span class='ocrx_word' id='word_1_279' title='bbox 422 3626 550 3709; x_wconf 85' lang='lat' dir='ltr'>Restat,</span> <span class='ocrx_word' id='word_1_280' title='bbox 579 3632 615 3692; x_wconf 94' lang='lat' dir='ltr'>ut</span> <span class='ocrx_word' id='word_1_281' title='bbox 640 3647 805 3712; x_wconf 84' lang='lat' dir='ltr'>perpauca</span> <span class='ocrx_word' id='word_1_282' title='bbox 832 3625 874 3692; x_wconf 88' lang='lat' dir='ltr'>de</span> <span class='ocrx_word' id='word_1_283' title='bbox 901 3646 1031 3692; x_wconf 90' lang='lat' dir='ltr'>nummo</span> <span class='ocrx_word' id='word_1_284' title='bbox 1059 3627 1130 3710; x_wconf 87' lang='lat' dir='ltr'>Ipso</span> <span class='ocrx_word' id='word_1_285' title='bbox 1152 3625 1282 3692; x_wconf 89' lang='lat' dir='ltr'>addam.</span> <span class='ocrx_word' id='word_1_286' title='bbox 1326 3625 1424 3692; x_wconf 77' lang='lat' dir='ltr'>Cuius</span> <span class='ocrx_word' id='word_1_287' title='bbox 1451 3626 1485 3692; x_wconf 90' lang='lat' dir='ltr'>in</span> 
     </span>
     <span class='ocr_line' id='line_1_33' title="bbox 337 3725 1485 3813; baseline 0.001 -20"><span class='ocrx_word' id='word_1_288' title='bbox 337 3733 428 3813; x_wconf 91' lang='lat' dir='ltr'>parte</span> <span class='ocrx_word' id='word_1_289' title='bbox 461 3748 578 3796; x_wconf 88' lang='lat' dir='ltr'>aversa</span> <span class='ocrx_word' id='word_1_290' title='bbox 606 3729 756 3796; x_wconf 88' lang='lat' dir='ltr'>Dioscuri</span> <span class='ocrx_word' id='word_1_291' title='bbox 784 3728 1035 3812; x_wconf 87' lang='lat' dir='ltr'>conspiciuntur,</span> <span class='ocrx_word' id='word_1_292' title='bbox 1065 3729 1120 3811; x_wconf 94' lang='lat' dir='ltr'>qui</span> <span class='ocrx_word' id='word_1_293' title='bbox 1149 3725 1386 3794; x_wconf 88' lang='lat' dir='ltr'>tetradraebmo</span> <span class='ocrx_word' id='word_1_294' title='bbox 1421 3748 1485 3794; x_wconf 89' lang='lat' dir='ltr'>non</span> 
     </span>
     <span class='ocr_line' id='line_1_34' title="bbox 338 3828 1486 3915; baseline -0.002 -19"><span class='ocrx_word' id='word_1_295' title='bbox 338 3831 407 3896; x_wconf 88' lang='lat' dir='ltr'>sine</span> <span class='ocrx_word' id='word_1_296' title='bbox 420 3850 518 3897; x_wconf 83' lang='lat' dir='ltr'>causa</span> <span class='ocrx_word' id='word_1_297' title='bbox 540 3833 688 3915; x_wconf 86' lang='lat' dir='ltr'>impressi</span> <span class='ocrx_word' id='word_1_298' title='bbox 701 3850 771 3897; x_wconf 91' lang='lat' dir='ltr'>esse</span> <span class='ocrx_word' id='word_1_299' title='bbox 786 3829 866 3896; x_wconf 91' lang='lat' dir='ltr'>mihi</span> <span class='ocrx_word' id='word_1_300' title='bbox 882 3828 1038 3896; x_wconf 88' lang='lat' dir='ltr'>videntur.</span> <span class='ocrx_word' id='word_1_301' title='bbox 1073 3831 1155 3896; x_wconf 88' lang='lat' dir='ltr'>Nam</span> <span class='ocrx_word' id='word_1_302' title='bbox 1173 3831 1309 3913; x_wconf 87' lang='lat' dir='ltr'>primum</span> <span class='ocrx_word' id='word_1_303' title='bbox 1325 3830 1486 3912; x_wconf 91' lang='lat' dir='ltr'>Dioscuri,</span> 
     </span>
     <span class='ocr_line' id='line_1_35' title="bbox 337 3930 1485 4016; baseline 0.002 -18"><span class='ocrx_word' id='word_1_304' title='bbox 337 3933 393 4014; x_wconf 91' lang='lat' dir='ltr'>qui</span> <span class='ocrx_word' id='word_1_305' title='bbox 409 3938 499 3999; x_wconf 86' lang='lat' dir='ltr'>erant</span> <span class='ocrx_word' id='word_1_306' title='bbox 513 3935 632 4016; x_wconf 87' lang='lat' dir='ltr'>gemini</span> <span class='ocrx_word' id='word_1_307' title='bbox 648 3930 816 4014; x_wconf 77' lang='grc' dir='ltr'><strong><em>(δίδυμοι),</em></strong></span> <span class='ocrx_word' id='word_1_308' title='bbox 839 3934 944 3997; x_wconf 91' lang='lat' dir='ltr'>locum</span> <span class='ocrx_word' id='word_1_309' title='bbox 968 3933 1119 4014; x_wconf 90' lang='lat' dir='ltr'>iudicant,</span> <span class='ocrx_word' id='word_1_310' title='bbox 1143 3952 1206 4014; x_wconf 94' lang='lat' dir='ltr'>quo</span> <span class='ocrx_word' id='word_1_311' title='bbox 1228 3952 1374 3999; x_wconf 90' lang='lat' dir='ltr'>nummus</span> <span class='ocrx_word' id='word_1_312' title='bbox 1391 3952 1485 4000; x_wconf 87' lang='lat' dir='ltr'>cusus</span> 
     </span>
     <span class='ocr_line' id='line_1_36' title="bbox 338 4034 1485 4121; baseline -0.001 -20"><span class='ocrx_word' id='word_1_313' title='bbox 338 4041 394 4101; x_wconf 90' lang='lat' dir='ltr'>est.</span> <span class='ocrx_word' id='word_1_314' title='bbox 428 4035 599 4121; x_wconf 84' lang='lat' dir='ltr'>Templum</span> <span class='ocrx_word' id='word_1_315' title='bbox 628 4035 714 4101; x_wconf 92' lang='lat' dir='ltr'>enim</span> <span class='ocrx_word' id='word_1_316' title='bbox 744 4041 776 4100; x_wconf 92' lang='lat' dir='ltr'>et</span> <span class='ocrx_word' id='word_1_317' title='bbox 805 4035 968 4100; x_wconf 87' lang='lat' dir='ltr'>oraculum</span> <span class='ocrx_word' id='word_1_318' title='bbox 998 4034 1153 4118; x_wconf 91' lang='lat' dir='ltr'>Didymoi</span> <span class='ocrx_word' id='word_1_319' title='bbox 1180 4035 1232 4101; x_wconf 88' lang='lat' dir='ltr'>vel</span> <span class='ocrx_word' id='word_1_320' title='bbox 1258 4035 1401 4121; x_wconf 86' lang='lat' dir='ltr'>Didyma</span> <span class='ocrx_word' id='word_1_321' title='bbox 1430 4055 1485 4100; x_wconf 88' lang='lat' dir='ltr'>vo·</span> 
     </span>
     <span class='ocr_line' id='line_1_37' title="bbox 339 4136 1489 4221; baseline -0.002 -17"><span class='ocrx_word' id='word_1_322' title='bbox 339 4145 444 4204; x_wconf 87' lang='lat' dir='ltr'>catum</span> <span class='ocrx_word' id='word_1_323' title='bbox 468 4145 531 4219; x_wconf 91' lang='lat' dir='ltr'>est,</span> <span class='ocrx_word' id='word_1_324' title='bbox 561 4136 647 4220; x_wconf 89' lang='lat' dir='ltr'>quod</span> <span class='ocrx_word' id='word_1_325' title='bbox 674 4137 816 4220; x_wconf 87' lang='lat' dir='ltr'>Apollini</span> <span class='ocrx_word' id='word_1_326' title='bbox 841 4144 873 4202; x_wconf 92' lang='lat' dir='ltr'>et</span> <span class='ocrx_word' id='word_1_327' title='bbox 901 4137 1040 4221; x_wconf 90' lang='lat' dir='ltr'>Dianae,</span> <span class='ocrx_word' id='word_1_328' title='bbox 1070 4137 1213 4202; x_wconf 87' lang='lat' dir='ltr'>Latonae</span> <span class='ocrx_word' id='word_1_329' title='bbox 1235 4139 1387 4220; x_wconf 83' lang='lat' dir='ltr'>geminis,</span> <span class='ocrx_word' id='word_1_330' title='bbox 1418 4143 1489 4202; x_wconf 87' lang='lat' dir='ltr'>erat</span> 
     </span>
    </p>
   </div>
   <div class='ocr_carea' id='block_1_4' title="bbox 0 0 1691 5008">
    <p class='ocr_par' dir='ltr' id='par_1_6' title="bbox 0 0 1691 5008">
     <span class='ocr_line' id='line_1_38' title="bbox 0 0 1691 5008; baseline 0 0"><span class='ocrx_word' id='word_1_331' title='bbox 0 0 1691 5008; x_wconf 95' lang='lat' dir='ltr'> </span> 
     </span>
    </p>
   </div>
  </div>
 </body>
</html>
