3308 5000
639 399 851 462 ...91-

169 572 262 654 μένα.
296 561 382 652 ὑπὲρ
399 567 499 651 corpe
515 562 548 630 b
564 567 605 652 τῇ
626 569 792 652 μεσογαίᾳ
813 562 851 632 τό
874 564 992 631 τετοῦ
1012 563 1135 646 χαλκοῦ
1157 565 1321 647 μέταλλον

169 672 224 738 καὶ
248 665 451 754 Πιρπερήνα
478 667 534 733 καλ
568 665 714 753 Τράριον
744 668 800 733 καὶ
832 661 933 733 ἄλλοι
960 668 1115 734 τοιαῦται
1143 671 1321 734 κατοικίαι.

170 773 263 854 Quae
284 792 357 839 cum
378 772 482 839 itare
507 769 665 854 habeant,
698 790 794 856 spero
823 777 856 838 to
885 789 1009 838 mecum
1039 771 1229 855 scripturum
1252 789 1322 836 esse

167 897 227 962 pro
246 863 412 943 ‘Prinnae'
438 872 613 957 Perperine
636 872 691 940 vel
712 873 904 958 Perperene.

253 1077 373 1145 Verum
400 1083 436 1144 ut
465 1096 522 1162 eo,
555 1074 641 1142 unde
671 1074 808 1158 digressi
836 1095 961 1158 sumus,
995 1075 1126 1142 tandem
1148 1075 1324 1160 aliquando

170 1187 378 1263 revertamur,
401 1177 599 1259 Antiochus,
629 1184 800 1261 postquam
824 1177 882 1244 illa
903 1178 1175 1260 Pergamenorum
1202 1178 1326 1263 oppida

171 1284 203 1348 in
219 1282 380 1350 dicionem
396 1300 488 1346 snam
503 1279 639 1364 redegit,
655 1298 712 1363 per
727 1277 917 1363 Thyatiram
933 1279 1053 1346 Sardes
1068 1279 1165 1347 rediit
1179 1301 1219 1348 ac
1233 1281 1325 1346 brevi

170 1390 245 1468 post
264 1383 306 1448 ab
321 1381 533 1468 Adramytteo
549 1381 695 1464 Romam,
718 1381 921 1464 Pergameni,
944 1381 1064 1449 Rhodii
1079 1383 1212 1450 Elaeam
1234 1383 1325 1447 navi·

168 1491 335 1570 gaverunt.

256 1586 341 1652 Dum
364 1584 446 1654 baec
467 1592 629 1670 geruntur,
652 1585 688 1650 L.
703 1585 844 1652 Aemilio
867 1591 899 1651 et
914 1585 1057 1652 Eumene
1079 1586 1267 1654 absentibus
1282 1586 1327 1652 ad

171 1690 364 1773 Pergamum
379 1688 536 1756 acerrime
551 1688 754 1772 pugnabatur
767 1690 798 1764 ¹).
834 1686 878 1754 Ut
899 1707 997 1773 supra
1019 1689 1113 1770 quasi
1135 1690 1167 1754 in
1190 1689 1327 1755 bansitu

171 1792 385 1872 meminimus,
408 1790 601 1873 Pergamum
624 1791 657 1856 in
680 1787 849 1857 obsidione
871 1791 1023 1856 continua
1044 1792 1146 1857 tenuit
1160 1789 1326 1876 Seleucus,

173 1911 257 1978 qnae
278 1893 355 1958 urbs
370 1893 412 1958 ab
427 1893 547 1974 Attalo,
570 1892 723 1958 Eumenis
746 1891 832 1974 regis
854 1891 962 1974 fratre,
985 1891 1228 1959 defendebatur.
1265 1894 1327 1959 Illo

172 2001 279 2064 autem
309 2000 455 2078 tempore
481 1992 682 2061 Achaeorum
711 1993 800 2058 mille
829 1992 956 2075 pedites
985 1999 1018 2059 et
1047 1999 1172 2059 centnm
1202 1995 1328 2078 equites

173 2095 345 2182 Diophane
375 2094 457 2162 duce
485 2095 618 2162 Elaeam
646 2095 847 2172 venerunt'2).
892 2094 1024 2160 lliserat
1054 2095 1139 2162 enim
1169 2095 1328 2163 Eumenes

173 2199 298 2282 legatos
319 2196 362 2262 ad
385 2197 535 2264 Achaeos
557 2197 625 2275 (cfr.
648 2196 762 2281 Polyb.
779 2196 870 2262 XXI.
887 2195 930 2282 9),
954 2198 1008 2279 qui
1031 2196 1073 2262 do
1095 2217 1255 2263 armornm
1278 2217 1328 2265 sc·

173 2302 289 2368 cietate
308 2321 379 2366 cum
401 2298 467 2365 illis
489 2304 633 2381 agerent,
655 2305 753 2382 atque
771 2298 938 2384 placuerat
952 2299 1018 2364 illis
1033 2298 1239 2382 Diophanem
1256 2320 1328 2366 cum

172 2404 263 2470 mille
284 2402 449 2487 peditibus
472 2406 504 2466 et
526 2406 652 2466 centum
675 2400 838 2484 equitibus
860 2399 996 2466 Eumeni
1019 2420 1221 2484 succurrere,
1252 2421 1330 2485 quo·

174 2526 247 2572 cum
269 2505 437 2571 artissimis
461 2502 599 2568 vinculis
628 2504 787 2569 coniuncti
818 2509 917 2569 erant.
961 2499 997 2570 Si
1020 2522 1097 2568 vero
1120 2505 1331 2586 quaesiveris,

173 2593 300 2676 cuinam
323 2605 462 2688 tempori
485 2604 542 2668 illa
564 2605 684 2687 legatio
699 2604 897 2687 assignanda
913 2606 964 2688 sit,
988 2611 1038 2672 sat
1052 2607 1198 2689 angustis
1212 2606 1330 2674 finibus

173 2731 246 2776 eam
278 2707 539 2776 circumscribere
568 2725 631 2772 non
668 2705 843 2771 admodum
877 2706 1010 2773 difficile
1046 2709 1115 2774 erit
1170 2709 1330 2774 'Nimirum

173 2831 279 2896 neque
301 2817 376 2876 ante
398 2813 553 2874 aestatem
576 2809 652 2873 anni
678 2810 735 2872 191
757 2828 785 2872 a.
803 2807 877 2873 Chr.
893 2829 924 2873 n.
947 2809 1035 2892 regis
1056 2809 1156 2891 legati
1171 2810 1331 2892 Pergamo

174 2913 311 2999 profecti
333 2918 416 2993 sunt,
440 2929 480 2976 ea
501 2909 542 2975 de
565 2929 673 2991 causa,
696 2908 783 2993 quod
806 2911 881 2975 inde
903 2931 924 2976 a
946 2929 1023 2976 vere
1044 2912 1121 2976 anni
1146 2913 1206 2974 192
1230 2930 1331 2994 usque

174 3017 218 3082 ad
240 3021 396 3082 aestatem
419 3013 494 3078 anni
514 3016 570 3078 191
589 3032 619 3077 a.
635 3010 710 3078 (lbr.
726 3033 757 3076 n.
774 3013 934 3078 Eumenes
956 3013 1028 3095 ipse
1050 3013 1082 3076 in
1099 3012 1239 3079 Graecia
1260 3033 1332 3079 ver-

176 3120 323 3197 sabatur,
352 3133 457 3196 neque
479 3118 553 3197 post
574 3114 651 3178 anni
675 3116 736 3178 190
752 3135 781 3179 a.
798 3112 872 3179 chr.
888 3135 918 3178 n.
943 3133 1076 3180 vernum
1099 3121 1240 3200 tempos,
1268 3135 1331 3198 quo
1450 3134 1453 3140 ·

177 3217 380 3287 Achaeorum
409 3216 533 3283 auxilie
558 3215 691 3280 Elaeam
722 3215 895 3282 advenisse
925 3215 1084 3282 videntur.
1127 3218 1241 3300 Itaque
1269 3237 1332 3284 uon

177 3322 309 3388 dubium
333 3337 404 3384 esse
427 3316 540 3398 credo,
564 3317 640 3399 quin
663 3316 840 3398 Eumenes,
872 3318 899 3382 ei
922 3319 1100 3385 Antiochus
1124 3325 1156 3384 et
1178 3319 1332 3385 Seleucus

178 3425 211 3490 in
239 3440 373 3504 regnum
396 3438 469 3485 cum
491 3419 593 3501 copiis
616 3419 760 3486 invasuri
783 3425 900 3501 essent,
924 3439 996 3486 cum
1019 3441 1094 3488 suos
1116 3420 1218 3506 ipsius
1241 3441 1333 3488 exer·

177 3527 259 3592 citus
281 3540 353 3590 esse
376 3519 516 3588 boetium
538 3520 642 3604 copiis
665 3521 806 3606 impares
830 3520 916 3586 baud
938 3522 1111 3605 ignoraret,
1133 3522 1239 3607 primo
1255 3542 1332 3590 vere

180 3659 381 3670 -...--—-—··—-

262 3729 287 3788 1)
305 3719 383 3789 Quod
405 3725 512 3788 gestum
537 3728 579 3776 eat
602 3720 676 3776 haud
699 3721 781 3776 dubie
804 3736 877 3776 anno
902 3726 950 3776 199
975 3737 1000 3777 a.
1026 3722 1089 3776 (ihr.
1114 3737 1156 3789 n.;
1183 3721 1333 3778 Fraeulrel:

178 3810 198 3865 l.
216 3810 234 3862 l.
252 3823 281 3876 p.
294 3811 325 3860 51
346 3805 381 3861 ad
398 3806 441 3861 rit.
459 3810 492 3860 94
516 3821 606 3860 ιιιοιι
628 3810 748 3872 tenetur,
774 3823 836 3861 cnm
858 3808 926 3862 baec
950 3807 1039 3862 omnia
1061 3806 1097 3860 ad
1121 3821 1221 3862 aunum
1241 3813 1287 3864 191
1308 3824 1334 3863 a.

179 3894 242 3949 Chr.
261 3909 289 3947 n,
307 3898 426 3946 reuocat.

264 3982 290 4044 2)
307 3977 400 4030 Minus
423 3981 556 4032 accurata
580 3981 622 4032 est
643 3978 765 4032 narratio
790 3977 902 4031 Ihnei:
927 3975 1050 4031 1.1.111.
1075 3993 1102 4046 p.
1124 3979 1171 4030 116
1181 3991 1254 4046 aqu:
1274 3993 1336 4032 nam

182 4062 289 4118 Achaei
305 4062 341 4117 ad
359 4062 519 4130 Pergamum
535 4061 663 4131 proeliati
689 4065 765 4126 sunt,
790 4069 935 4130 postquam
952 4060 1104 4115 Antiochus
1126 4060 1210 4115 Eleae
1234 4062 1336 4131 pacisci

185 4163 246 4202 eum
263 4147 393 4202 Romanis
411 4154 526 4202 conatus
545 4143 594 4211 est,
614 4164 668 4204 non
687 4153 768 4202 antea
786 4149 837 4201 aut
853 4146 946 4200 eodem
965 4153 1096 4213 tempore.
