<?xml version="1.0" encoding="UTF-8"?>
<!DOCTYPE html PUBLIC "-//W3C//DTD XHTML 1.0 Transitional//EN"
    "http://www.w3.org/TR/xhtml1/DTD/xhtml1-transitional.dtd">
<html xmlns="http://www.w3.org/1999/xhtml" xml:lang="en" lang="en">
 <head>
  <title>
</title>
<meta http-equiv="Content-Type" content="text/html;charset=utf-8" />
  <meta name='ocr-system' content='tesseract 3.04.00' />
  <meta name='ocr-capabilities' content='ocr_page ocr_carea ocr_par ocr_line ocrx_word'/>
</head>
<body>
  <div class='ocr_page' id='page_1' title='image "./symbolaeadeumen00meisgoog_0085.png"; bbox 0 0 3308 5000; ppageno 0'>
   <div class='ocr_carea' id='block_1_1' title="bbox 815 347 1034 452">
    <p class='ocr_par' dir='ltr' id='par_1_1' title="bbox 815 347 1034 452">
     <span class='ocr_line' id='line_1_1' title="bbox 815 347 1034 452; baseline 0.014 -2"><span class='ocrx_word' id='word_1_1' title='bbox 815 347 1034 452; x_wconf 39' lang='lat' dir='ltr'><strong>-ro-&#39;</strong></span> 
     </span>
    </p>
   </div>
   <div class='ocr_carea' id='block_1_2' title="bbox 337 557 1499 2780">
    <p class='ocr_par' dir='ltr' id='par_1_2' title="bbox 337 557 1499 2780">
     <span class='ocr_line' id='line_1_2' title="bbox 342 557 1499 641; baseline -0.004 -11"><span class='ocrx_word' id='word_1_2' title='bbox 342 570 392 630; x_wconf 82' lang='lat' dir='ltr'><strong>est</strong></span> <span class='ocrx_word' id='word_1_3' title='bbox 413 563 590 628; x_wconf 80' lang='lat' dir='ltr'><strong>Eumenem</strong></span> <span class='ocrx_word' id='word_1_4' title='bbox 612 567 679 624; x_wconf 91' lang='lat' dir='ltr'><strong>tum</strong></span> <span class='ocrx_word' id='word_1_5' title='bbox 703 559 830 625; x_wconf 92' lang='lat' dir='ltr'><strong>illorum</strong></span> <span class='ocrx_word' id='word_1_6' title='bbox 852 560 976 625; x_wconf 89' lang='lat' dir='ltr'><strong>socium</strong></span> <span class='ocrx_word' id='word_1_7' title='bbox 997 560 1109 626; x_wconf 72' lang='lat' dir='ltr'><strong>lnmse.</strong></span> <span class='ocrx_word' id='word_1_8' title='bbox 1153 557 1346 641; x_wconf 81' lang='lat' dir='ltr'><strong>Ceteroquin</strong></span> <span class='ocrx_word' id='word_1_9' title='bbox 1369 560 1499 626; x_wconf 88' lang='lat' dir='ltr'><strong>Attalus</strong></span> 
     </span>
     <span class='ocr_line' id='line_1_3' title="bbox 344 659 1498 747; baseline -0.003 -17"><span class='ocrx_word' id='word_1_10' title='bbox 344 666 401 730; x_wconf 93' lang='lat' dir='ltr'><strong>illo</strong></span> <span class='ocrx_word' id='word_1_11' title='bbox 423 673 567 747; x_wconf 86' lang='lat' dir='ltr'><strong>tempore</strong></span> <span class='ocrx_word' id='word_1_12' title='bbox 589 682 648 728; x_wconf 85' lang='lat' dir='ltr'><strong>rex</strong></span> <span class='ocrx_word' id='word_1_13' title='bbox 670 661 942 744; x_wconf 77' lang='lat' dir='ltr'><strong>Pergamenorum</strong></span> <span class='ocrx_word' id='word_1_14' title='bbox 966 669 1045 743; x_wconf 89' lang='lat' dir='ltr'><strong>erat,</strong></span> <span class='ocrx_word' id='word_1_15' title='bbox 1067 681 1132 727; x_wconf 93' lang='lat' dir='ltr'><strong>non</strong></span> <span class='ocrx_word' id='word_1_16' title='bbox 1155 659 1316 726; x_wconf 80' lang='lat' dir='ltr'>Eumenes</span> <span class='ocrx_word' id='word_1_17' title='bbox 1338 667 1435 742; x_wconf 89' lang='lat' dir='ltr'><strong>atque</strong></span> <span class='ocrx_word' id='word_1_18' title='bbox 1458 661 1498 742; x_wconf 92' lang='lat' dir='ltr'><strong>is,</strong></span> 
     </span>
     <span class='ocr_line' id='line_1_4' title="bbox 340 761 1498 850; baseline -0.004 -18"><span class='ocrx_word' id='word_1_19' title='bbox 340 769 417 850; x_wconf 88' lang='lat' dir='ltr'><strong>qnia</strong></span> <span class='ocrx_word' id='word_1_20' title='bbox 439 766 551 832; x_wconf 89' lang='lat' dir='ltr'><strong>morbo</strong></span> <span class='ocrx_word' id='word_1_21' title='bbox 573 764 756 846; x_wconf 85' lang='lat' dir='ltr'><strong>implicatus</strong></span> <span class='ocrx_word' id='word_1_22' title='bbox 784 763 818 827; x_wconf 94' lang='lat' dir='ltr'><strong>in</strong></span> <span class='ocrx_word' id='word_1_23' title='bbox 840 761 980 828; x_wconf 77' lang='lat' dir='ltr'><strong>Graecia</strong></span> <span class='ocrx_word' id='word_1_24' title='bbox 1007 763 1210 843; x_wconf 78' lang='lat' dir='ltr'><strong>versabatur,</strong></span> <span class='ocrx_word' id='word_1_25' title='bbox 1240 782 1313 828; x_wconf 91' lang='lat' dir='ltr'><strong>cnm</strong></span> <span class='ocrx_word' id='word_1_26' title='bbox 1335 761 1498 828; x_wconf 80' lang='lat' dir='ltr'><strong>Antiocho</strong></span> 
     </span>
     <span class='ocr_line' id='line_1_5' title="bbox 340 862 1499 954; baseline -0.004 -20"><span class='ocrx_word' id='word_1_27' title='bbox 340 868 492 954; x_wconf 89' lang='lat' dir='ltr'><strong>proeliari</strong></span> <span class='ocrx_word' id='word_1_28' title='bbox 525 886 590 931; x_wconf 91' lang='lat' dir='ltr'><strong>non</strong></span> <span class='ocrx_word' id='word_1_29' title='bbox 622 865 727 948; x_wconf 93' lang='lat' dir='ltr'><strong>potuit</strong></span> <span class='ocrx_word' id='word_1_30' title='bbox 739 865 771 943; x_wconf 81' lang='lat'><strong>¹).</strong></span> <span class='ocrx_word' id='word_1_31' title='bbox 823 862 961 930; x_wconf 88' lang='lat' dir='ltr'><strong>Omnino</strong></span> <span class='ocrx_word' id='word_1_32' title='bbox 994 872 1102 930; x_wconf 90' lang='lat' dir='ltr'><strong>autem</strong></span> <span class='ocrx_word' id='word_1_33' title='bbox 1141 865 1318 930; x_wconf 85' lang='lat' dir='ltr'><strong>verisimile</strong></span> <span class='ocrx_word' id='word_1_34' title='bbox 1350 884 1415 929; x_wconf 90' lang='lat' dir='ltr'><strong>non</strong></span> <span class='ocrx_word' id='word_1_35' title='bbox 1448 871 1499 929; x_wconf 88' lang='lat' dir='ltr'><strong>est</strong></span> 
     </span>
     <span class='ocr_line' id='line_1_6' title="bbox 339 964 1499 1050; baseline -0.004 -15"><span class='ocrx_word' id='word_1_36' title='bbox 339 967 533 1036; x_wconf 81' lang='lat' dir='ltr'><strong>Antiochum</strong></span> <span class='ocrx_word' id='word_1_37' title='bbox 556 989 577 1032; x_wconf 89' lang='lat' dir='ltr'><strong>a</strong></span> <span class='ocrx_word' id='word_1_38' title='bbox 590 966 864 1048; x_wconf 84' lang='lat' dir='ltr'><strong>Pergamenorum</strong></span> <span class='ocrx_word' id='word_1_39' title='bbox 885 985 963 1049; x_wconf 89' lang='lat' dir='ltr'><strong>rege</strong></span> <span class='ocrx_word' id='word_1_40' title='bbox 977 973 1054 1032; x_wconf 90' lang='lat' dir='ltr'><strong>tnnc</strong></span> <span class='ocrx_word' id='word_1_41' title='bbox 1069 965 1196 1032; x_wconf 86' lang='lat' dir='ltr'><strong>cladem</strong></span> <span class='ocrx_word' id='word_1_42' title='bbox 1210 967 1386 1050; x_wconf 90' lang='lat' dir='ltr'><strong>accepisse,</strong></span> <span class='ocrx_word' id='word_1_43' title='bbox 1409 964 1499 1048; x_wconf 90' lang='lat' dir='ltr'><strong>quod</strong></span> 
     </span>
     <span class='ocr_line' id='line_1_7' title="bbox 338 1067 1497 1155; baseline -0.005 -17"><span class='ocrx_word' id='word_1_44' title='bbox 338 1074 439 1138; x_wconf 88' lang='lat' dir='ltr'><strong>Asiae</strong></span> <span class='ocrx_word' id='word_1_45' title='bbox 460 1069 583 1155; x_wconf 88' lang='lat' dir='ltr'><strong>oppida</strong></span> <span class='ocrx_word' id='word_1_46' title='bbox 606 1087 791 1152; x_wconf 82' lang='lat' dir='ltr'><strong>expugnare</strong></span> <span class='ocrx_word' id='word_1_47' title='bbox 818 1074 1051 1151; x_wconf 83' lang='lat' dir='ltr'><strong>perseveraret.</strong></span> <span class='ocrx_word' id='word_1_48' title='bbox 1095 1069 1139 1132; x_wconf 88' lang='lat' dir='ltr'><strong>At</strong></span> <span class='ocrx_word' id='word_1_49' title='bbox 1165 1068 1266 1133; x_wconf 88' lang='lat' dir='ltr'><strong>multo</strong></span> <span class='ocrx_word' id='word_1_50' title='bbox 1295 1067 1497 1154; x_wconf 86' lang='lat' dir='ltr'><strong>probabilius</strong></span> 
     </span>
     <span class='ocr_line' id='line_1_8' title="bbox 340 1168 1497 1252; baseline -0.004 -13"><span class='ocrx_word' id='word_1_51' title='bbox 340 1181 388 1239; x_wconf 86' lang='lat' dir='ltr'><strong>est</strong></span> <span class='ocrx_word' id='word_1_52' title='bbox 410 1171 578 1239; x_wconf 87' lang='lat' dir='ltr'><strong>victoriam</strong></span> <span class='ocrx_word' id='word_1_53' title='bbox 603 1171 763 1252; x_wconf 85' lang='lat' dir='ltr'><strong>intellegi,</strong></span> <span class='ocrx_word' id='word_1_54' title='bbox 793 1189 890 1251; x_wconf 86' lang='lat' dir='ltr'><strong>quam</strong></span> <span class='ocrx_word' id='word_1_55' title='bbox 911 1168 1040 1235; x_wconf 83' lang='lat' dir='ltr'><strong>Attalns</strong></span> <span class='ocrx_word' id='word_1_56' title='bbox 1062 1170 1086 1235; x_wconf 95' lang='lat' dir='ltr'><strong>l.</strong></span> <span class='ocrx_word' id='word_1_57' title='bbox 1112 1191 1153 1235; x_wconf 82' lang='lat' dir='ltr'><strong>ex</strong></span> <span class='ocrx_word' id='word_1_58' title='bbox 1176 1169 1335 1236; x_wconf 87' lang='lat' dir='ltr'><strong>Antiocho</strong></span> <span class='ocrx_word' id='word_1_59' title='bbox 1357 1169 1497 1234; x_wconf 86' lang='lat' dir='ltr'><strong>Hierace</strong></span> 
     </span>
     <span class='ocr_line' id='line_1_9' title="bbox 339 1265 1495 1355; baseline -0.004 -14"><span class='ocrx_word' id='word_1_60' title='bbox 339 1275 412 1341; x_wconf 93' lang='lat' dir='ltr'><strong>tulit</strong></span> <span class='ocrx_word' id='word_1_61' title='bbox 433 1281 466 1339; x_wconf 90' lang='lat' dir='ltr'><strong>et</strong></span> <span class='ocrx_word' id='word_1_62' title='bbox 495 1271 537 1338; x_wconf 89' lang='lat' dir='ltr'><strong>de</strong></span> <span class='ocrx_word' id='word_1_63' title='bbox 560 1292 625 1354; x_wconf 88' lang='lat' dir='ltr'><strong>qua</strong></span> <span class='ocrx_word' id='word_1_64' title='bbox 645 1271 805 1336; x_wconf 85' lang='lat' dir='ltr'><strong>Eusebius</strong></span> <span class='ocrx_word' id='word_1_65' title='bbox 827 1291 859 1354; x_wconf 95' lang='lat' dir='ltr'><strong>p.</strong></span> <span class='ocrx_word' id='word_1_66' title='bbox 876 1272 938 1334; x_wconf 84' lang='grc'><strong>254</strong></span> <span class='ocrx_word' id='word_1_67' title='bbox 961 1270 1042 1337; x_wconf 87' lang='lat' dir='ltr'><strong>haec</strong></span> <span class='ocrx_word' id='word_1_68' title='bbox 1064 1270 1144 1338; x_wconf 90' lang='lat' dir='ltr'><strong>dicit</strong></span> <span class='ocrx_word' id='word_1_69' title='bbox 1163 1265 1217 1338; x_wconf 86' lang='lat' dir='ltr'><strong>‘et</strong></span> <span class='ocrx_word' id='word_1_70' title='bbox 1237 1292 1341 1338; x_wconf 88' lang='lat' dir='ltr'><strong>anno</strong></span> <span class='ocrx_word' id='word_1_71' title='bbox 1365 1272 1495 1355; x_wconf 91' lang='lat' dir='ltr'><strong>primo</strong></span> 
     </span>
     <span class='ocr_line' id='line_1_10' title="bbox 339 1371 1497 1457; baseline -0.004 -14"><span class='ocrx_word' id='word_1_72' title='bbox 339 1374 550 1444; x_wconf 81' lang='lat' dir='ltr'><strong>cxxxvllr.</strong></span> <span class='ocrx_word' id='word_1_73' title='bbox 573 1371 1337 1457; x_wconf 83' lang='lat' dir='ltr'><strong>OlympiadisinThraciamfugereah</strong></span> <span class='ocrx_word' id='word_1_74' title='bbox 1353 1373 1497 1439; x_wconf 87' lang='lat' dir='ltr'><strong>Attalo</strong></span> 
     </span>
     <span class='ocr_line' id='line_1_11' title="bbox 339 1468 1495 1560; baseline -0.005 -14"><span class='ocrx_word' id='word_1_75' title='bbox 339 1485 509 1546; x_wconf 86' lang='lat' dir='ltr'><strong>coactus</strong></span> <span class='ocrx_word' id='word_1_76' title='bbox 537 1484 629 1560; x_wconf 88' lang='lat' dir='ltr'><strong>post</strong></span> <span class='ocrx_word' id='word_1_77' title='bbox 655 1475 856 1557; x_wconf 90' lang='lat' dir='ltr'><strong>proelium</strong></span> <span class='ocrx_word' id='word_1_78' title='bbox 888 1476 929 1540; x_wconf 91' lang='lat' dir='ltr'><strong>in</strong></span> <span class='ocrx_word' id='word_1_79' title='bbox 951 1475 1072 1541; x_wconf 84' lang='lat' dir='ltr'><strong>(laria</strong></span> <span class='ocrx_word' id='word_1_80' title='bbox 1094 1477 1244 1542; x_wconf 86' lang='lat' dir='ltr'><strong>factum</strong></span> <span class='ocrx_word' id='word_1_81' title='bbox 1267 1468 1495 1550; x_wconf 72' lang='lat' dir='ltr'><strong>moritur&#39;2).</strong></span> 
     </span>
     <span class='ocr_line' id='line_1_12' title="bbox 339 1575 1495 1661; baseline -0.003 -16"><span class='ocrx_word' id='word_1_82' title='bbox 339 1579 525 1646; x_wconf 86' lang='lat' dir='ltr'><strong>Fraenkelii</strong></span> <span class='ocrx_word' id='word_1_83' title='bbox 547 1584 655 1642; x_wconf 87' lang='lat' dir='ltr'><strong>autem</strong></span> <span class='ocrx_word' id='word_1_84' title='bbox 679 1577 839 1643; x_wconf 86' lang='lat' dir='ltr'><strong>sententia</strong></span> <span class='ocrx_word' id='word_1_85' title='bbox 859 1575 929 1643; x_wconf 87' lang='lat' dir='ltr'><strong>ficri</strong></span> <span class='ocrx_word' id='word_1_86' title='bbox 951 1598 1015 1642; x_wconf 91' lang='lat' dir='ltr'><strong>non</strong></span> <span class='ocrx_word' id='word_1_87' title='bbox 1037 1598 1133 1661; x_wconf 85' lang='lat' dir='ltr'><strong>posse</strong></span> <span class='ocrx_word' id='word_1_88' title='bbox 1156 1585 1191 1642; x_wconf 90' lang='lat' dir='ltr'><strong>ut</strong></span> <span class='ocrx_word' id='word_1_89' title='bbox 1212 1576 1255 1642; x_wconf 87' lang='lat' dir='ltr'><strong>ad</strong></span> <span class='ocrx_word' id='word_1_90' title='bbox 1276 1578 1368 1643; x_wconf 88' lang='lat' dir='ltr'><strong>illam</strong></span> <span class='ocrx_word' id='word_1_91' title='bbox 1393 1577 1495 1644; x_wconf 88' lang='lat' dir='ltr'><strong>Attali</strong></span> 
     </span>
     <span class='ocr_line' id='line_1_13' title="bbox 339 1679 1495 1762; baseline -0.002 -16"><span class='ocrx_word' id='word_1_92' title='bbox 339 1681 508 1747; x_wconf 87' lang='lat' dir='ltr'><strong>victoriam</strong></span> <span class='ocrx_word' id='word_1_93' title='bbox 531 1679 642 1744; x_wconf 90' lang='lat' dir='ltr'><strong>titulus</strong></span> <span class='ocrx_word' id='word_1_94' title='bbox 663 1685 849 1761; x_wconf 86' lang='lat' dir='ltr'><strong>revocetur,</strong></span> <span class='ocrx_word' id='word_1_95' title='bbox 880 1680 958 1761; x_wconf 89' lang='lat' dir='ltr'><strong>quia</strong></span> <span class='ocrx_word' id='word_1_96' title='bbox 980 1681 1045 1745; x_wconf 88' lang='lat' dir='ltr'><strong>iam</strong></span> <span class='ocrx_word' id='word_1_97' title='bbox 1068 1701 1187 1762; x_wconf 89' lang='lat' dir='ltr'><strong>magna</strong></span> <span class='ocrx_word' id='word_1_98' title='bbox 1208 1681 1362 1745; x_wconf 88' lang='lat' dir='ltr'><strong>victoriae</strong></span> <span class='ocrx_word' id='word_1_99' title='bbox 1385 1699 1495 1746; x_wconf 91' lang='lat' dir='ltr'><strong>monu-</strong></span> 
     </span>
     <span class='ocr_line' id='line_1_14' title="bbox 338 1778 1496 1867; baseline -0.002 -19"><span class='ocrx_word' id='word_1_100' title='bbox 338 1790 448 1848; x_wconf 85' lang='lat' dir='ltr'><strong>menta</strong></span> <span class='ocrx_word' id='word_1_101' title='bbox 468 1781 509 1846; x_wconf 86' lang='lat' dir='ltr'><strong>ab</strong></span> <span class='ocrx_word' id='word_1_102' title='bbox 533 1778 641 1845; x_wconf 84' lang='lat' dir='ltr'><strong>Attalo</strong></span> <span class='ocrx_word' id='word_1_103' title='bbox 670 1781 777 1863; x_wconf 90' lang='lat' dir='ltr'><strong>posita</strong></span> <span class='ocrx_word' id='word_1_104' title='bbox 808 1780 850 1845; x_wconf 87' lang='lat' dir='ltr'><strong>ad</strong></span> <span class='ocrx_word' id='word_1_105' title='bbox 880 1780 1014 1846; x_wconf 89' lang='lat' dir='ltr'><strong>eandem</strong></span> <span class='ocrx_word' id='word_1_106' title='bbox 1046 1784 1214 1848; x_wconf 86' lang='lat' dir='ltr'><strong>victoriam</strong></span> <span class='ocrx_word' id='word_1_107' title='bbox 1243 1788 1405 1867; x_wconf 85' lang='lat' dir='ltr'><strong>spectent,</strong></span> <span class='ocrx_word' id='word_1_108' title='bbox 1432 1801 1496 1848; x_wconf 91' lang='lat' dir='ltr'><strong>non</strong></span> 
     </span>
     <span class='ocr_line' id='line_1_15' title="bbox 342 1881 1496 1968; baseline -0.002 -18"><span class='ocrx_word' id='word_1_109' title='bbox 342 1892 427 1950; x_wconf 85' lang='lat' dir='ltr'><strong>stare</strong></span> <span class='ocrx_word' id='word_1_110' title='bbox 442 1881 523 1947; x_wconf 91' lang='lat' dir='ltr'><strong>mihi</strong></span> <span class='ocrx_word' id='word_1_111' title='bbox 537 1881 675 1948; x_wconf 87' lang='lat' dir='ltr'><strong>videtur.</strong></span> <span class='ocrx_word' id='word_1_112' title='bbox 712 1881 763 1946; x_wconf 92' lang='lat' dir='ltr'><strong>An</strong></span> <span class='ocrx_word' id='word_1_113' title='bbox 778 1888 812 1947; x_wconf 89' lang='lat' dir='ltr'><strong>tu</strong></span> <span class='ocrx_word' id='word_1_114' title='bbox 827 1890 923 1966; x_wconf 87' lang='lat' dir='ltr'><strong>putas</strong></span> <span class='ocrx_word' id='word_1_115' title='bbox 945 1884 1003 1949; x_wconf 90' lang='lat' dir='ltr'><strong>illo</strong></span> <span class='ocrx_word' id='word_1_116' title='bbox 1019 1885 1252 1968; x_wconf 88' lang='lat' dir='ltr'><strong>epigrammate</strong></span> <span class='ocrx_word' id='word_1_117' title='bbox 1266 1884 1410 1949; x_wconf 90' lang='lat' dir='ltr'><strong>Attalum</strong></span> <span class='ocrx_word' id='word_1_118' title='bbox 1425 1883 1496 1948; x_wconf 86' lang='lat' dir='ltr'><strong>Iovi</strong></span> 
     </span>
     <span class='ocr_line' id='line_1_16' title="bbox 340 1983 1495 2069; baseline -0.001 -17"><span class='ocrx_word' id='word_1_119' title='bbox 340 1993 373 2052; x_wconf 91' lang='lat' dir='ltr'><strong>et</strong></span> <span class='ocrx_word' id='word_1_120' title='bbox 392 1984 541 2050; x_wconf 85' lang='lat' dir='ltr'><strong>Athenae</strong></span> <span class='ocrx_word' id='word_1_121' title='bbox 563 1983 759 2067; x_wconf 87' lang='lat' dir='ltr'><strong>nicephorae</strong></span> <span class='ocrx_word' id='word_1_122' title='bbox 782 2004 824 2050; x_wconf 84' lang='lat' dir='ltr'><strong>ex</strong></span> <span class='ocrx_word' id='word_1_123' title='bbox 846 1984 970 2068; x_wconf 88' lang='lat' dir='ltr'><strong>praeda</strong></span> <span class='ocrx_word' id='word_1_124' title='bbox 991 1987 1169 2069; x_wconf 90' lang='lat' dir='ltr'><strong>quidquam</strong></span> <span class='ocrx_word' id='word_1_125' title='bbox 1192 1986 1282 2052; x_wconf 86' lang='lat' dir='ltr'><strong>velut</strong></span> <span class='ocrx_word' id='word_1_126' title='bbox 1301 1987 1419 2052; x_wconf 89' lang='lat' dir='ltr'><strong>loricas</strong></span> <span class='ocrx_word' id='word_1_127' title='bbox 1441 1986 1495 2051; x_wconf 87' lang='lat' dir='ltr'><strong>vel</strong></span> 
     </span>
     <span class='ocr_line' id='line_1_17' title="bbox 338 2086 1495 2172; baseline -0.003 -17"><span class='ocrx_word' id='word_1_128' title='bbox 338 2088 486 2155; x_wconf 88' lang='lat' dir='ltr'><strong>thoraces</strong></span> <span class='ocrx_word' id='word_1_129' title='bbox 508 2087 561 2152; x_wconf 87' lang='lat' dir='ltr'><strong>vel</strong></span> <span class='ocrx_word' id='word_1_130' title='bbox 583 2086 689 2151; x_wconf 89' lang='lat' dir='ltr'><strong>simile</strong></span> <span class='ocrx_word' id='word_1_131' title='bbox 711 2087 789 2168; x_wconf 92' lang='lat' dir='ltr'><strong>quid</strong></span> <span class='ocrx_word' id='word_1_132' title='bbox 807 2086 929 2152; x_wconf 90' lang='lat' dir='ltr'><strong>offerre</strong></span> <span class='ocrx_word' id='word_1_133' title='bbox 950 2108 1014 2153; x_wconf 92' lang='lat' dir='ltr'><strong>non</strong></span> <span class='ocrx_word' id='word_1_134' title='bbox 1036 2087 1205 2172; x_wconf 82' lang='lat' dir='ltr'><strong>potuisse?</strong></span> <span class='ocrx_word' id='word_1_135' title='bbox 1248 2087 1363 2170; x_wconf 86' lang='lat' dir='ltr'><strong>ltaque</strong></span> <span class='ocrx_word' id='word_1_136' title='bbox 1385 2089 1495 2154; x_wconf 89' lang='lat' dir='ltr'><strong>malim</strong></span> 
     </span>
     <span class='ocr_line' id='line_1_18' title="bbox 338 2183 1495 2272; baseline -0.003 -14"><span class='ocrx_word' id='word_1_137' title='bbox 338 2192 479 2258; x_wconf 87' lang='lat' dir='ltr'><strong>scrihere</strong></span> <span class='ocrx_word' id='word_1_138' title='bbox 513 2185 679 2250; x_wconf 87' lang='grc' dir='ltr'>ΒΑΣΙΛΕ</span> <span class='ocrx_word' id='word_1_139' title='bbox 688 2183 1010 2272; x_wconf 83' lang='grc' dir='ltr'>[ΥΣΑΤΤΑΛΟΣ]</span> <span class='ocrx_word' id='word_1_140' title='bbox 1050 2196 1082 2255; x_wconf 91' lang='lat' dir='ltr'><strong>et</strong></span> <span class='ocrx_word' id='word_1_141' title='bbox 1113 2189 1215 2256; x_wconf 86' lang='lat' dir='ltr'><strong>Attali</strong></span> <span class='ocrx_word' id='word_1_142' title='bbox 1253 2189 1423 2256; x_wconf 84' lang='lat' dir='ltr'><strong>victoriam</strong></span> <span class='ocrx_word' id='word_1_143' title='bbox 1463 2191 1495 2254; x_wconf 93' lang='lat' dir='ltr'><strong>in</strong></span> 
     </span>
     <span class='ocr_line' id='line_1_19' title="bbox 339 2291 1494 2374; baseline -0.003 -16"><span class='ocrx_word' id='word_1_144' title='bbox 339 2293 435 2359; x_wconf 80' lang='lat' dir='ltr'><strong>Caria</strong></span> <span class='ocrx_word' id='word_1_145' title='bbox 463 2291 582 2356; x_wconf 86' lang='lat' dir='ltr'><strong>factam</strong></span> <span class='ocrx_word' id='word_1_146' title='bbox 612 2291 862 2372; x_wconf 88' lang='lat' dir='ltr'><strong>intellegendam</strong></span> <span class='ocrx_word' id='word_1_147' title='bbox 892 2311 1054 2374; x_wconf 89' lang='lat' dir='ltr'><strong>propono,</strong></span> <span class='ocrx_word' id='word_1_148' title='bbox 1086 2310 1183 2373; x_wconf 89' lang='lat' dir='ltr'><strong>quam</strong></span> <span class='ocrx_word' id='word_1_149' title='bbox 1213 2309 1324 2374; x_wconf 90' lang='lat' dir='ltr'><strong>regem</strong></span> <span class='ocrx_word' id='word_1_150' title='bbox 1347 2291 1391 2357; x_wconf 87' lang='lat' dir='ltr'><strong>ad</strong></span> <span class='ocrx_word' id='word_1_151' title='bbox 1414 2291 1494 2357; x_wconf 85' lang='lat' dir='ltr'><strong>llar-</strong></span> 
     </span>
     <span class='ocr_line' id='line_1_20' title="bbox 338 2390 1494 2478; baseline 0.002 -20"><span class='ocrx_word' id='word_1_152' title='bbox 338 2413 452 2476; x_wconf 84' lang='lat' dir='ltr'><strong>panum</strong></span> <span class='ocrx_word' id='word_1_153' title='bbox 474 2392 591 2457; x_wconf 87' lang='lat' dir='ltr'><strong>flumen</strong></span> <span class='ocrx_word' id='word_1_154' title='bbox 616 2393 657 2456; x_wconf 85' lang='lat' dir='ltr'><strong>ab</strong></span> <span class='ocrx_word' id='word_1_155' title='bbox 673 2390 832 2457; x_wconf 85' lang='lat' dir='ltr'><strong>Antiocho</strong></span> <span class='ocrx_word' id='word_1_156' title='bbox 848 2391 987 2458; x_wconf 89' lang='lat' dir='ltr'><strong>Hierace</strong></span> <span class='ocrx_word' id='word_1_157' title='bbox 1009 2394 1226 2476; x_wconf 86' lang='lat' dir='ltr'><strong>reportavisse</strong></span> <span class='ocrx_word' id='word_1_158' title='bbox 1243 2412 1284 2458; x_wconf 85' lang='lat' dir='ltr'><strong>ex</strong></span> <span class='ocrx_word' id='word_1_159' title='bbox 1307 2394 1400 2460; x_wconf 85' lang='lat' dir='ltr'><strong>titulo</strong></span> <span class='ocrx_word' id='word_1_160' title='bbox 1422 2395 1494 2478; x_wconf 90' lang='lat' dir='ltr'><strong>ipso</strong></span> 
     </span>
     <span class='ocr_line' id='line_1_21' title="bbox 339 2492 1494 2577; baseline 0.001 -17"><span class='ocrx_word' id='word_1_161' title='bbox 339 2494 572 2577; x_wconf 89' lang='lat' dir='ltr'><strong>cognoscimus.</strong></span> <span class='ocrx_word' id='word_1_162' title='bbox 618 2492 733 2576; x_wconf 87' lang='lat' dir='ltr'><strong>Neque</strong></span> <span class='ocrx_word' id='word_1_163' title='bbox 755 2512 832 2558; x_wconf 87' lang='lat' dir='ltr'><strong>vero</strong></span> <span class='ocrx_word' id='word_1_164' title='bbox 856 2493 978 2576; x_wconf 89' lang='lat' dir='ltr'><strong>dubito,</strong></span> <span class='ocrx_word' id='word_1_165' title='bbox 1000 2495 1078 2576; x_wconf 91' lang='lat' dir='ltr'><strong>quin</strong></span> <span class='ocrx_word' id='word_1_166' title='bbox 1101 2493 1144 2560; x_wconf 89' lang='lat' dir='ltr'><strong>ad</strong></span> <span class='ocrx_word' id='word_1_167' title='bbox 1165 2493 1303 2560; x_wconf 84' lang='lat' dir='ltr'><strong>eandem</strong></span> <span class='ocrx_word' id='word_1_168' title='bbox 1326 2495 1494 2562; x_wconf 87' lang='lat' dir='ltr'><strong>victoriam</strong></span> 
     </span>
     <span class='ocr_line' id='line_1_22' title="bbox 337 2593 1494 2680; baseline 0.003 -20"><span class='ocrx_word' id='word_1_169' title='bbox 337 2595 447 2660; x_wconf 86' lang='lat' dir='ltr'><strong>titulus</strong></span> <span class='ocrx_word' id='word_1_170' title='bbox 474 2593 560 2677; x_wconf 88' lang='lat' dir='ltr'><strong>apud</strong></span> <span class='ocrx_word' id='word_1_171' title='bbox 583 2594 811 2659; x_wconf 83' lang='lat' dir='ltr'><strong>Fraenkelium</strong></span> <span class='ocrx_word' id='word_1_172' title='bbox 843 2616 875 2679; x_wconf 91' lang='lat' dir='ltr'><strong>p.</strong></span> <span class='ocrx_word' id='word_1_173' title='bbox 893 2598 934 2659; x_wconf 85' lang='grc'><strong>29</strong></span> <span class='ocrx_word' id='word_1_174' title='bbox 964 2616 1015 2661; x_wconf 93' lang='lat' dir='ltr'><strong>no.</strong></span> <span class='ocrx_word' id='word_1_175' title='bbox 1039 2598 1078 2660; x_wconf 85' lang='grc'><strong>28</strong></span> <span class='ocrx_word' id='word_1_176' title='bbox 1107 2597 1295 2664; x_wconf 86' lang='lat' dir='ltr'><strong>referendus</strong></span> <span class='ocrx_word' id='word_1_177' title='bbox 1324 2598 1375 2680; x_wconf 88' lang='lat' dir='ltr'><strong>sit,</strong></span> <span class='ocrx_word' id='word_1_178' title='bbox 1404 2598 1494 2664; x_wconf 83' lang='lat' dir='ltr'><strong>cuius</strong></span> 
     </span>
     <span class='ocr_line' id='line_1_23' title="bbox 338 2696 1031 2780; baseline 0.001 -18"><span class='ocrx_word' id='word_1_179' title='bbox 338 2697 469 2764; x_wconf 84' lang='lat' dir='ltr'><strong>lacunas</strong></span> <span class='ocrx_word' id='word_1_180' title='bbox 492 2696 539 2762; x_wconf 89' lang='lat' dir='ltr'><strong>sic</strong></span> <span class='ocrx_word' id='word_1_181' title='bbox 560 2696 630 2762; x_wconf 83' lang='lat' dir='ltr'><strong>tere</strong></span> <span class='ocrx_word' id='word_1_182' title='bbox 653 2697 778 2778; x_wconf 83' lang='lat' dir='ltr'><strong>expleri</strong></span> <span class='ocrx_word' id='word_1_183' title='bbox 801 2715 896 2780; x_wconf 88' lang='lat' dir='ltr'><strong>posse</strong></span> <span class='ocrx_word' id='word_1_184' title='bbox 920 2699 1031 2764; x_wconf 86' lang='lat' dir='ltr'><strong>credo:</strong></span> 
     </span>
    </p>
   </div>
   <div class='ocr_carea' id='block_1_3' title="bbox 604 2811 1242 3309">
    <p class='ocr_par' dir='ltr' id='par_1_3' title="bbox 604 2811 1242 3309">
     <span class='ocr_line' id='line_1_24' title="bbox 608 2811 1168 2900; baseline 0.004 -24"><span class='ocrx_word' id='word_1_185' title='bbox 608 2811 1168 2900; x_wconf 74' lang='grc' dir='ltr'>ΒΑΣΙΛΕΥΣΑΠΑΛΟΣ]</span> 
     </span>
     <span class='ocr_line' id='line_1_25' title="bbox 607 2914 1108 3002; baseline 0.004 -24"><span class='ocrx_word' id='word_1_186' title='bbox 607 2914 1108 3002; x_wconf 74' lang='grc' dir='ltr'>ΑΠΟΤΗΣΠΑΡΑΤΟΝ]</span> 
     </span>
     <span class='ocr_line' id='line_1_26' title="bbox 604 3017 1120 3104; baseline 0 -23"><span class='ocrx_word' id='word_1_187' title='bbox 604 3017 1120 3104; x_wconf 75' lang='grc' dir='ltr'>ΑΡΠΑΣοΝεΓκ]ΑΡιΑι</span> 
     </span>
     <span class='ocr_line' id='line_1_27' title="bbox 605 3118 1242 3207; baseline 0 -24"><span class='ocrx_word' id='word_1_188' title='bbox 605 3118 1242 3207; x_wconf 72' lang='grc' dir='ltr'>ΠΡοΣΑΝτιοΧοΝΜΑΧΗΣ]</span> 
     </span>
     <span class='ocr_line' id='line_1_28' title="bbox 604 3218 1101 3309; baseline 0.008 -28"><span class='ocrx_word' id='word_1_189' title='bbox 604 3218 1101 3309; x_wconf 77' lang='grc' dir='ltr'>ΑΘΗΝΑιΝικΗΦοΡΩι]</span> 
     </span>
    </p>
   </div>
   <div class='ocr_carea' id='block_1_4' title="bbox 337 3408 1493 3699">
    <p class='ocr_par' dir='ltr' id='par_1_4' title="bbox 337 3408 1493 3699">
     <span class='ocr_line' id='line_1_29' title="bbox 423 3408 1493 3497; baseline 0.004 -21"><span class='ocrx_word' id='word_1_190' title='bbox 423 3410 488 3476; x_wconf 92' lang='lat' dir='ltr'><strong>Sed</strong></span> <span class='ocrx_word' id='word_1_191' title='bbox 512 3408 660 3475; x_wconf 85' lang='lat' dir='ltr'><strong>aberravi</strong></span> <span class='ocrx_word' id='word_1_192' title='bbox 683 3408 825 3492; x_wconf 88' lang='lat' dir='ltr'><strong>longius,</strong></span> <span class='ocrx_word' id='word_1_193' title='bbox 849 3410 892 3475; x_wconf 90' lang='lat' dir='ltr'><strong>ad</strong></span> <span class='ocrx_word' id='word_1_194' title='bbox 915 3413 1113 3496; x_wconf 87' lang='lat' dir='ltr'><strong>propositum</strong></span> <span class='ocrx_word' id='word_1_195' title='bbox 1140 3419 1293 3478; x_wconf 84' lang='lat' dir='ltr'><strong>revertor.</strong></span> <span class='ocrx_word' id='word_1_196' title='bbox 1339 3412 1493 3497; x_wconf 91' lang='lat' dir='ltr'><strong>Philippo</strong></span> 
     </span>
     <span class='ocr_line' id='line_1_30' title="bbox 338 3509 1492 3599; baseline 0.002 -19"><span class='ocrx_word' id='word_1_197' title='bbox 338 3514 382 3580; x_wconf 88' lang='lat' dir='ltr'><strong>ad</strong></span> <span class='ocrx_word' id='word_1_198' title='bbox 404 3509 669 3595; x_wconf 83' lang='lat' dir='ltr'><strong>Cynoscephalas</strong></span> <span class='ocrx_word' id='word_1_199' title='bbox 692 3509 822 3578; x_wconf 90' lang='lat' dir='ltr'><strong>devicto</strong></span> <span class='ocrx_word' id='word_1_200' title='bbox 838 3511 1015 3579; x_wconf 86' lang='lat' dir='ltr'><strong>Antiochus</strong></span> <span class='ocrx_word' id='word_1_201' title='bbox 1038 3515 1170 3599; x_wconf 85' lang='lat' dir='ltr'><strong>veritus,</strong></span> <span class='ocrx_word' id='word_1_202' title='bbox 1193 3534 1233 3581; x_wconf 91' lang='lat' dir='ltr'><strong>ne</strong></span> <span class='ocrx_word' id='word_1_203' title='bbox 1250 3515 1387 3581; x_wconf 86' lang='lat' dir='ltr'><strong>Romani</strong></span> <span class='ocrx_word' id='word_1_204' title='bbox 1409 3517 1492 3599; x_wconf 89' lang='lat' dir='ltr'><strong>peri·</strong></span> 
     </span>
     <span class='ocr_line' id='line_1_31' title="bbox 337 3613 1492 3699; baseline -0.002 -15"><span class='ocrx_word' id='word_1_205' title='bbox 337 3616 411 3684; x_wconf 91' lang='lat' dir='ltr'><strong>culo</strong></span> <span class='ocrx_word' id='word_1_206' title='bbox 435 3613 645 3682; x_wconf 85' lang='lat' dir='ltr'><strong>Macedonico</strong></span> <span class='ocrx_word' id='word_1_207' title='bbox 669 3613 796 3678; x_wconf 85' lang='lat' dir='ltr'><strong>liberati</strong></span> <span class='ocrx_word' id='word_1_208' title='bbox 824 3633 859 3680; x_wconf 85' lang='lat' dir='ltr'><strong>se</strong></span> <span class='ocrx_word' id='word_1_209' title='bbox 883 3615 969 3680; x_wconf 92' lang='lat' dir='ltr'><strong>hello</strong></span> <span class='ocrx_word' id='word_1_210' title='bbox 992 3622 1277 3699; x_wconf 87' lang='lat' dir='ltr'><strong>persequerentur,</strong></span> <span class='ocrx_word' id='word_1_211' title='bbox 1307 3618 1334 3682; x_wconf 84' lang='lat' dir='ltr'><strong>si</strong></span> <span class='ocrx_word' id='word_1_212' title='bbox 1364 3619 1492 3684; x_wconf 88' lang='lat' dir='ltr'><strong>illorum</strong></span> 
     </span>
    </p>
   </div>
   <div class='ocr_carea' id='block_1_5' title="bbox 337 3797 1494 4204">
    <p class='ocr_par' dir='ltr' id='par_1_5' title="bbox 426 3797 1188 3869">
     <span class='ocr_line' id='line_1_32' title="bbox 426 3797 1188 3869; baseline 0 -17"><span class='ocrx_word' id='word_1_213' title='bbox 426 3803 449 3862; x_wconf 81' lang='lat'><strong>1)</strong></span> <span class='ocrx_word' id='word_1_214' title='bbox 467 3799 517 3852; x_wconf 87' lang='lat' dir='ltr'><strong>cl&#39;r.</strong></span> <span class='ocrx_word' id='word_1_215' title='bbox 537 3812 606 3866; x_wconf 87' lang='lat' dir='ltr'><strong>quac</strong></span> <span class='ocrx_word' id='word_1_216' title='bbox 624 3813 707 3866; x_wconf 86' lang='lat' dir='ltr'><strong>supra</strong></span> <span class='ocrx_word' id='word_1_217' title='bbox 725 3797 839 3852; x_wconf 87' lang='lat' dir='ltr'><strong>diximus</strong></span> <span class='ocrx_word' id='word_1_218' title='bbox 857 3814 885 3867; x_wconf 89' lang='lat' dir='ltr'><strong>p.</strong></span> <span class='ocrx_word' id='word_1_219' title='bbox 902 3803 982 3868; x_wconf 81' lang='lat' dir='ltr'><strong>ltsq.</strong></span> <span class='ocrx_word' id='word_1_220' title='bbox 1001 3803 1029 3854; x_wconf 91' lang='lat' dir='ltr'><strong>et</strong></span> <span class='ocrx_word' id='word_1_221' title='bbox 1046 3815 1072 3869; x_wconf 91' lang='lat' dir='ltr'><strong>p.</strong></span> <span class='ocrx_word' id='word_1_222' title='bbox 1088 3804 1120 3854; x_wconf 93' lang='grc'><strong>22</strong></span> <span class='ocrx_word' id='word_1_223' title='bbox 1131 3815 1188 3869; x_wconf 80' lang='lat' dir='ltr'><strong>sqq.</strong></span> 
     </span>
    </p>

    <p class='ocr_par' dir='ltr' id='par_1_6' title="bbox 337 3878 1494 4204">
     <span class='ocr_line' id='line_1_33' title="bbox 425 3878 1494 3954; baseline 0.004 -18"><span class='ocrx_word' id='word_1_224' title='bbox 425 3887 450 3948; x_wconf 82' lang='grc'><strong>2)</strong></span> <span class='ocrx_word' id='word_1_225' title='bbox 469 3883 518 3936; x_wconf 83' lang='lat' dir='ltr'><strong>cfr.</strong></span> <span class='ocrx_word' id='word_1_226' title='bbox 546 3882 714 3952; x_wconf 78' lang='lat' dir='ltr'><strong>Droysen:</strong></span> <span class='ocrx_word' id='word_1_227' title='bbox 743 3882 760 3936; x_wconf 93' lang='lat' dir='ltr'><strong>l.</strong></span> <span class='ocrx_word' id='word_1_228' title='bbox 786 3881 804 3936; x_wconf 93' lang='lat' dir='ltr'><strong>l.</strong></span> <span class='ocrx_word' id='word_1_229' title='bbox 833 3883 880 3938; x_wconf 91' lang='lat' dir='ltr'><strong>lll.</strong></span> <span class='ocrx_word' id='word_1_230' title='bbox 910 3887 933 3938; x_wconf 87' lang='grc'><strong>2.</strong></span> <span class='ocrx_word' id='word_1_231' title='bbox 962 3901 989 3953; x_wconf 93' lang='lat' dir='ltr'><strong>p.</strong></span> <span class='ocrx_word' id='word_1_232' title='bbox 1009 3889 1039 3940; x_wconf 87' lang='lat'><strong>16</strong></span> <span class='ocrx_word' id='word_1_233' title='bbox 1054 3900 1127 3954; x_wconf 80' lang='lat' dir='ltr'><strong>sqq,</strong></span> <span class='ocrx_word' id='word_1_234' title='bbox 1160 3885 1294 3952; x_wconf 83' lang='lat' dir='ltr'><strong>Xoepp:</strong></span> <span class='ocrx_word' id='word_1_235' title='bbox 1318 3878 1421 3940; x_wconf 85' lang='lat' dir='ltr'><strong>‘Ucher</strong></span> <span class='ocrx_word' id='word_1_236' title='bbox 1450 3883 1494 3940; x_wconf 90' lang='lat' dir='ltr'><strong>dle</strong></span> 
     </span>
     <span class='ocr_line' id='line_1_34' title="bbox 338 3959 1493 4038; baseline 0.003 -16"><span class='ocrx_word' id='word_1_237' title='bbox 338 3967 541 4034; x_wconf 83' lang='lat' dir='ltr'><strong>Galaterlrrlege</strong></span> <span class='ocrx_word' id='word_1_238' title='bbox 559 3965 605 4020; x_wconf 84' lang='lat' dir='ltr'><strong>der</strong></span> <span class='ocrx_word' id='word_1_239' title='bbox 623 3959 769 4020; x_wconf 85' lang='lat' dir='ltr'><strong>Attaliden’</strong></span> <span class='ocrx_word' id='word_1_240' title='bbox 788 3967 815 4022; x_wconf 91' lang='lat' dir='ltr'><strong>iu</strong></span> <span class='ocrx_word' id='word_1_241' title='bbox 834 3967 905 4022; x_wconf 88' lang='lat' dir='ltr'><strong>Mus.</strong></span> <span class='ocrx_word' id='word_1_242' title='bbox 920 3969 1007 4024; x_wconf 84' lang='lat' dir='ltr'><strong>Rhen.</strong></span> <span class='ocrx_word' id='word_1_243' title='bbox 1026 3971 1078 4026; x_wconf 87' lang='lat' dir='ltr'><strong>rol.</strong></span> <span class='ocrx_word' id='word_1_244' title='bbox 1098 3969 1158 4025; x_wconf 87' lang='lat' dir='ltr'><strong>XL.</strong></span> <span class='ocrx_word' id='word_1_245' title='bbox 1171 3973 1259 4036; x_wconf 81' lang='grc'><strong>(1885)</strong></span> <span class='ocrx_word' id='word_1_246' title='bbox 1277 3985 1304 4038; x_wconf 89' lang='lat' dir='ltr'><strong>p.</strong></span> <span class='ocrx_word' id='word_1_247' title='bbox 1320 3973 1368 4024; x_wconf 88' lang='grc'><strong>122</strong></span> <span class='ocrx_word' id='word_1_248' title='bbox 1387 3977 1414 4025; x_wconf 84' lang='lat' dir='ltr'><strong>ct</strong></span> <span class='ocrx_word' id='word_1_249' title='bbox 1428 3965 1493 4025; x_wconf 80' lang='lat' dir='ltr'><strong>‘Die</strong></span> 
     </span>
     <span class='ocr_line' id='line_1_35' title="bbox 339 4047 1491 4120; baseline 0.003 -14"><span class='ocrx_word' id='word_1_250' title='bbox 339 4051 478 4120; x_wconf 81' lang='lat' dir='ltr'><strong>cyrischen</strong></span> <span class='ocrx_word' id='word_1_251' title='bbox 496 4050 593 4118; x_wconf 86' lang='lat' dir='ltr'><strong>Xriege</strong></span> <span class='ocrx_word' id='word_1_252' title='bbox 612 4051 658 4105; x_wconf 90' lang='lat' dir='ltr'><strong>der</strong></span> <span class='ocrx_word' id='word_1_253' title='bbox 677 4057 766 4106; x_wconf 85' lang='lat' dir='ltr'><strong>ersten</strong></span> <span class='ocrx_word' id='word_1_254' title='bbox 785 4047 953 4109; x_wconf 83' lang='lat' dir='ltr'><strong>Ptolemaier&#39;</strong></span> <span class='ocrx_word' id='word_1_255' title='bbox 971 4055 1000 4108; x_wconf 91' lang='lat' dir='ltr'><strong>in</strong></span> <span class='ocrx_word' id='word_1_256' title='bbox 1018 4053 1088 4108; x_wconf 89' lang='lat' dir='ltr'><strong>blus.</strong></span> <span class='ocrx_word' id='word_1_257' title='bbox 1103 4053 1189 4109; x_wconf 85' lang='lat' dir='ltr'><strong>Rhea.</strong></span> <span class='ocrx_word' id='word_1_258' title='bbox 1203 4054 1253 4108; x_wconf 84' lang='lat' dir='ltr'><strong>vol.</strong></span> <span class='ocrx_word' id='word_1_259' title='bbox 1267 4054 1385 4109; x_wconf 86' lang='lat' dir='ltr'>XXXIX</span> <span class='ocrx_word' id='word_1_260' title='bbox 1404 4058 1491 4120; x_wconf 70' lang='lat'>(1884)</span> 
     </span>
     <span class='ocr_line' id='line_1_36' title="bbox 337 4134 769 4204; baseline 0.007 -16"><span class='ocrx_word' id='word_1_261' title='bbox 337 4153 365 4204; x_wconf 84' lang='lat' dir='ltr'><strong>p.</strong></span> <span class='ocrx_word' id='word_1_262' title='bbox 380 4139 437 4202; x_wconf 80' lang='grc'><strong>230,</strong></span> <span class='ocrx_word' id='word_1_263' title='bbox 457 4134 578 4190; x_wconf 82' lang='lat' dir='ltr'><strong>Maior:</strong></span> <span class='ocrx_word' id='word_1_264' title='bbox 597 4135 615 4190; x_wconf 87' lang='lat' dir='ltr'><strong>l.</strong></span> <span class='ocrx_word' id='word_1_265' title='bbox 634 4135 651 4191; x_wconf 91' lang='lat' dir='ltr'><strong>l.</strong></span> <span class='ocrx_word' id='word_1_266' title='bbox 670 4152 697 4204; x_wconf 89' lang='lat' dir='ltr'><strong>p.</strong></span> <span class='ocrx_word' id='word_1_267' title='bbox 712 4141 769 4191; x_wconf 81' lang='lat'><strong>359.</strong></span> 
     </span>
    </p>
   </div>
   <div class='ocr_carea' id='block_1_6' title="bbox 0 0 1658 5000">
    <p class='ocr_par' dir='ltr' id='par_1_7' title="bbox 0 0 1658 5000">
     <span class='ocr_line' id='line_1_37' title="bbox 0 0 1658 5000; baseline 0 1"><span class='ocrx_word' id='word_1_268' title='bbox 0 0 1658 5000; x_wconf 95' lang='lat' dir='ltr'><strong> </strong></span> 
     </span>
    </p>
   </div>
  </div>
 </body>
</html>
