3344 5008
639 377 849 440 ,33-

29 577 74 638 ·.··.'
166 541 307 625 viseent3
330 545 442 627 paucis
465 549 587 610 tantum
611 546 661 610 vis
684 551 752 610 erat
774 544 949 612 afferenda.
990 545 1030 610 Iit
1053 547 1146 630 primi
1170 545 1212 612 ad
1230 547 1321 614 Atta-

52 732 64 742 .
166 644 234 709 lum
269 665 303 711 se
337 646 539 713 contulerunt
565 646 716 730 Cymaei,
751 646 936 732 Smyrnaei,
966 645 1208 733 Phocaeenses,
1242 669 1322 734 quos

166 747 269 812 secuti
293 753 366 814 sunt
389 748 594 831 Aegaeenses
618 755 650 815 et
668 749 838 817 Temnites
860 749 1002 816 adventu
1025 751 1111 834 regis
1128 753 1320 837 necopinato

35 911 38 919 .
65 925 68 934 ,
166 851 340 933 perterriti,
364 857 461 935 atque
477 851 574 917 etiem
590 851 742 917 Teiorum
760 851 1093 938 ColophonIorumqne
1110 853 1320 935 advenerunt,

45 1015 67 1031 ,,
166 951 222 1034 qni
259 951 380 1036 oppida
415 972 537 1038 suaque
573 953 682 1019 Attalo
719 953 888 1021 traderent.
941 953 1028 1033 Quos
1057 974 1165 1022 omnes
1196 955 1321 1020 Attalus

20 1119 63 1148 ,
165 1073 209 1120 ex
238 1053 369 1120 foedere
391 1059 488 1120 autea
509 1075 581 1121 cum
611 1054 652 1121 iis
681 1055 760 1121 inIto
783 1053 821 1137 (c.
847 1060 896 1121 77.
922 1060 955 1122 6:
985 1053 1254 1143 προσδεξάμενος
1284 1054 1320 1120 δὲ

20 1149 22 1158 “
45 1149 53 1160 ’
164 1156 222 1220 καὶ
239 1151 376 1232 τούτους
400 1153 455 1222 ἐπὶ
480 1167 554 1232 ταῖς
577 1153 761 1241 συνθήκαις
784 1154 838 1233 αἷς
852 1157 905 1222 καὶ
924 1155 961 1223 τὸ
979 1156 1155 1245 πρότερον)
1178 1159 1319 1242 acceptis

166 1259 337 1326 obsidibus
358 1261 482 1344 recepit
505 1266 537 1326 et
553 1260 686 1326 comiter
702 1259 951 1345 Smyrnaeorum
972 1263 1109 1347 legatos,
1132 1260 1219 1347 quod
1241 1281 1320 1343 erga

164 1383 200 1429 se
224 1361 322 1428 fidem
344 1363 574 1446 servavissent,
598 1363 735 1446 excepit.
781 1361 852 1441 Quo
874 1364 959 1431 facto
982 1366 1108 1449 longius
1130 1381 1319 1450 progressus

21 1454 62 1550 f,
165 1464 290 1548 Lycum
319 1462 437 1530 flumen
467 1464 602 1530 traiecit.
649 1463 711 1530 Hic
741 1472 846 1531 autem
870 1466 994 1551 Lycus,
1024 1473 1059 1534 ut
1087 1465 1254 1533 adnotavit
1275 1462 1318 1528 ad

19 1567 45 1596 ‘¹
164 1567 281 1652 Polyb.
307 1567 344 1631 V.
371 1570 410 1629 77
434 1564 735 1652 Schweighaeuser,
760 1587 824 1633 non
846 1568 874 1634 is
897 1574 955 1650 est,
978 1569 1033 1651 qui
1056 1568 1263 1654 porcariam
1287 1571 1320 1630 et

19 1751 20 1764 ἵ
40 1669 45 1756 J
163 1669 341 1754 Phrygiam
363 1668 483 1736 fluebat
506 1667 595 1734 etad
610 1668 806 1736 Laodiceam
830 1672 861 1735 in
879 1669 1086 1736 Maeandrum
1104 1669 1316 1751 deferebatur,

18 1772 56 1842 J‘l
163 1772 222 1838 sed
247 1772 353 1856 Lycus
376 1771 418 1837 ad
441 1770 631 1854 Thyatiram
661 1771 743 1838 inter
764 1773 958 1856 Pergamum
990 1778 1021 1839 et
1043 1771 1154 1840 Sardis
1184 1770 1316 1857 oppida,

162 1893 261 1958 quem
277 1873 400 1940 Plinius
423 1873 510 1939 solus
533 1874 565 1937 in
581 1880 645 1939 nat.
663 1873 735 1940 hist.
753 1875 789 1939 V.
806 1879 847 1940 29
871 1876 920 1942 his
942 1876 1050 1942 verbis
1073 1879 1316 1943 commemorat:

18 1955 62 2086 F*
162 1976 250 2042 intus
266 1982 298 2042 et
310 1975 469 2061 Thyatira
483 1974 625 2041 adluitur
636 1975 725 2060 Lyco
737 1997 802 2061 eq.
812 1997 836 2043 s.
869 1978 951 2044 Hinc
967 1979 1093 2045 Abalus
1109 1979 1140 2042 in
1153 1978 1316 2060 Mysorum

161 2099 260 2162 agros
282 2084 378 2163 atque
402 2078 495 2162 inde,
526 2085 561 2144 ut
589 2079 635 2144 ait
658 2078 812 2161 Polybius
835 2081 856 2144 l.
879 2080 911 2162 l.,
932 2072 1033 2162 ‘noda
1057 2069 1216 2164 Kapotag'
1242 2098 1315 2163 pm.

162 2183 270 2249 cessit.
316 2181 382 2248 Sed
406 2200 469 2265 qno
493 2181 564 2247 loco
580 2184 725 2263 Καρσεῐς
741 2180 968 2264 habitaverint,
993 2181 1177 2248 coniectura
1191 2187 1315 2247 tantum

163 2284 293 2367 assequi
303 2303 480 2366 possumus.
506 2283 689 2348 Demetrius
696 2283 783 2367 apud
792 2282 983 2351 Strabonem
995 2282 1085 2376 XIII.
1103 2288 1129 2348 1.
1142 2288 1192 2348 44.
1206 2304 1237 2367 p.
1251 2284 1314 2348 603

30 2398 51 2462 ’ςζ
163 2388 306 2470 regionis
319 2385 515 2472 Καρησηνῆς
531 2386 725 2452 mentionem
742 2386 827 2472 lacit,
844 2407 927 2471 quae
943 2387 985 2453 ab
998 2376 1263 2472 urbe‘IIdpryoog’
1283 2391 1315 2450 et

17 2476 58 2519 '‘³‘'
160 2488 261 2555 fluvio
284 2489 469 2572 cognomini
479 2487 513 2571 ¹),
537 2488 592 2572 qui
615 2490 647 2554 in
664 2489 793 2556 Troade
807 2489 979 2572 ferebatur,
1004 2490 1211 2556 denominata
1233 2490 1315 2554 inter

16 2591 56 2683 fs
162 2591 362 2657 Dardaniam
396 2598 428 2656 et
459 2591 590 2657 Idaeum
625 2599 765 2658 montem
800 2593 970 2673 iacebat2l.
1016 2590 1088 2670 Qua
1116 2593 1149 2657 in
1183 2591 1314 2675 regione

161 2695 258 2760 situm
288 2694 442 2779 oppidum
474 2692 609 2760 (laresos
639 2701 670 2760 et
694 2695 835 2781 Didyma
863 2696 895 2759 in
917 2693 1017 2759 Attali
1045 2695 1131 2777 regis
1160 2699 1315 2760 venerunt

16 2783 48 2870 ’ἦ
161 2797 333 2863 dicionem.
380 2795 521 2880 Didyma
530 2796 555 2874 3)
578 2797 744 2882 oppidum,
767 2799 827 2864 etsi
851 2799 1052 2880 ignor-amns,
1076 2816 1139 2880 quo
1161 2798 1233 2863 loco
1256 2816 1313 2880 po·

30 2913 49 3003 ,Γῖ
161 2899 259 2966 situm
282 2900 395 2982 fuerit,
422 2905 529 2964 tamen
552 2899 700 2982 proxime
728 2900 848 2966 afuisse
875 2901 917 2965 ab
948 2897 1068 2982 oppido
1091 2897 1210 2965 (lareso
1233 2895 1313 2962 mihi

25 3021 42 3098 ,ζ
162 3007 212 3069 est
243 3002 539 3086 persuasissimum,
567 3021 639 3067 cum
668 3008 700 3068 et
730 3002 865 3069 Garesos
895 3008 926 3068 et
954 3000 1098 3086 Didyma
1125 3000 1167 3066 ab
1197 2999 1312 3066 eodem

161 3103 392 3188 Themistocle,
416 3124 513 3188 quern
530 3103 678 3172 Achaeus
701 3106 766 3172 illis
789 3105 869 3172 locis
891 3103 1109 3189 praepositum
1126 3103 1310 3187 reliquerat,

36 3191 41 3232 ⁵
160 3207 266 3274 subito
295 3207 436 3273 adventu
465 3208 551 3290 regis
579 3214 724 3291 permoto
754 3207 954 3273 dederentur.
1000 3203 1070 3283 Quo
1099 3206 1184 3273 facto
1206 3204 1311 3290 Apiae

249 3463 273 3524 1)
292 3458 342 3514 cfr.
362 3459 452 3514 strab.
470 3461 488 3513 l.
508 3461 526 3513 I.
549 3455 601 3532 τὴν
625 3461 654 3518 δὲ
681 3457 766 3516 πόλιν
789 3457 992 3516 κατεσπάσθαι
1016 3477 1067 3527 την
1093 3451 1247 3527 ὁμώνυμον
1269 3460 1313 3532 τῷ

161 3565 291 3620 ποταμῳ.

248 3635 273 3696 t)
292 3630 447 3685 Dardaniae
464 3631 579 3684 finitima
597 3634 702 3686 enatet
720 3645 804 3700 usque
822 3631 857 3686 cd
875 3630 972 3683 Zeleee
990 3632 1017 3682 et
1036 3628 1145 3697 Prtyeae
1163 3638 1242 3693 egros
1261 3641 1310 3694 pa·

161 3716 244 3781 tabat,
263 3731 378 3786 quorum
391 3717 553 3785 oppidorum
567 3717 647 3771 huius
659 3716 741 3772 situm
754 3716 897 3782 nescimus,
915 3713 980 3768 illud
992 3712 1056 3766 Idae
1068 3711 1151 3766 monti
1169 3715 1228 3764 erat
1246 3711 1309 3765 sub·

161 3803 260 3856 iectum
279 3801 339 3864 (cfr.
359 3799 448 3856 Strab.
467 3802 542 3855 XIII.
564 3807 586 3855 l.
610 3807 647 3856 10.
666 3819 692 3871 p.
708 3805 774 3866 587).

246 3892 271 3954 3)
290 3885 528 3954 Schweighaeuser
545 3888 580 3942 ad
599 3887 692 3957 Polyb.
712 3888 730 3940 l.
749 3888 767 3941 l.
787 3889 912 3954 Alvovpa
931 3884 1134 3949 commendavit,
1153 3882 1200 3936 sed
1218 3881 1308 3935 nescio

160 3973 222 4042 quid
240 3973 339 4026 faciam
356 3971 411 4024 hoc
430 3973 553 4040 nomine3
571 3972 628 4026 eius
647 3972 717 4026 enirn
730 3971 845 4026 nominis
863 3975 968 4024 tentum
981 3974 1085 4023 montes
1102 3970 1130 4022 in
1143 3969 1189 4022 illa
1202 3969 1310 4052 regione

161 4059 347 4128 cognouImus3
366 4057 417 4110 cfr.
432 4055 524 4126 Steph.
540 4059 604 4128 Byz.
618 4075 640 4113 s.
653 4076 676 4112 v.
692 4059 830 4127 Atvdvpa:
851 4053 906 4129 ὄρη
916 4059 966 4128 τῆς
982 4051 1119 4126 Τροάδος,
1131 4046 1180 4124 ἀφ’
1191 4053 1233 4108 ὠν
1247 4057 1308 4108 Arv-

160 4139 263 4215 δυμὴνη
282 4135 382 4214 ῆῬέα.

210 4235 365 4281 bleischlue.
1125 4228 1139 4278 3
