3308 5000
827 355 1039 418 ..86-

357 543 485 607 gamunu
507 521 662 589 reducere
684 525 814 587 coactus
843 526 908 602 est,
937 539 1033 604 quam
1054 520 1211 588 Seleucus
1233 521 1385 604 operibus
1407 522 1510 588 muni-

357 626 561 707 tionibusque
584 623 705 706 saepsit
727 624 877 705 omnique
899 623 1042 705 privavit
1064 627 1253 688 commeatu.
1298 621 1405 706 Atque
1420 629 1457 689 ut
1471 642 1510 690 eo

337 728 429 811 *plus
451 725 574 808 negotii
597 724 752 790 haberent
772 723 981 808 Pergameni,
1010 724 1126 790 eodem
1154 725 1224 790 fere
1252 729 1398 809 tempore
1420 724 1510 791 Anti·

357 826 458 894 ocbns
491 827 635 893 exercitu
667 827 709 892 ab
737 827 885 910 Apamea
916 825 1056 891 abducto
1092 825 1136 892 ad
1169 825 1288 894 Sardes
1321 847 1512 912 progressus

358 927 445 995 hand
467 929 580 1012 procul
602 926 765 993 aSeleuci
788 927 901 994 castris
922 928 965 993 ad
980 926 1071 992 (laici
1092 925 1231 994 fluminis
1253 933 1350 1012 caput
1361 930 1384 1006 ¹)
1407 936 1512 996 castra

357 1030 529 1098 collocavit
553 1029 620 1108 (cir.
645 1029 715 1093 Liu.
739 1049 765 1094 c.
791 1031 839 1094 18.
863 1032 904 1106 6).
950 1027 1077 1094 Staliva
1104 1029 1201 1111 igitur
1231 1029 1371 1097 hahebat
1393 1049 1413 1096 a
1435 1029 1510 1097 Per·

358 1153 454 1215 gamo
477 1133 536 1199 sub
557 1131 635 1197 soils
657 1136 760 1196 ortum
784 1132 846 1196 sila
867 1137 965 1214 atque
988 1151 1030 1196 ex
1052 1129 1103 1196 his
1124 1136 1281 1213 quattuor
1296 1131 1386 1197 milia
1401 1131 1511 1198 Gallo·

357 1253 546 1317 graecorum
568 1234 705 1298 militum
728 1232 880 1298 admixtis
895 1233 1008 1316 paucIs
1031 1231 1104 1297 aliis
1120 1230 1164 1296 ad
1183 1252 1277 1314 agros
1294 1232 1512 1315 Pergamenos

357 1336 478 1420 passim
502 1333 746 1421 depopulandos
769 1333 882 1400 emisit.
921 1335 956 1398 In
979 1339 1069 1399 tanta
1090 1333 1187 1416 igitur
1208 1353 1314 1399 rerum
1342 1335 1512 1418 Iniquitate

356 1458 430 1504 cum
453 1439 486 1504 iu
510 1456 667 1527 summum
691 1437 870 1520 periculum
899 1441 932 1500 et
960 1435 1132 1502 discrimen
1161 1435 1250 1502 urbis
1279 1436 1366 1502 salus
1395 1443 1514 1503 vocata

355 1547 443 1623 erat,
471 1539 599 1606 Attalus
626 1540 803 1626 Eumenem
830 1537 961 1604 fratrem
987 1537 1111 1602 anxilio
1140 1538 1316 1604 arcessivit
1363 1537 1426 1618 Qui
1456 1539 1513 1604 vix

358 1642 390 1706 in
413 1643 519 1708 insula
541 1640 654 1724 Samo,
684 1660 748 1724 quo
776 1659 819 1705 ex
842 1639 942 1722 Lycia
974 1657 1123 1706 reversus
1151 1645 1359 1721 pervenerat,
1388 1641 1513 1707 tristem

358 1743 448 1808 illum
471 1748 642 1826 acceperat
664 1744 818 1824 nuntium,
843 1761 925 1823 cum,
948 1746 983 1805 nt
1005 1739 1194 1806 defenderet
1216 1742 1355 1826 patrium
1376 1759 1514 1824 reguum

222 1844 225 1850 ’
357 1845 565 1927 Attalumque
592 1844 722 1909 fratrem
751 1843 921 1911 obsidione
950 1842 1117 1923 liberaret,
1146 1842 1280 1908 Elaeam
1309 1849 1379 1909 tota
1406 1844 1512 1910 classe

357 1947 531 2013 contendit.
576 1945 660 2012 Hinc
682 1946 752 2029 ipse
775 1965 848 2012 cum
877 1944 1020 2028 equitum
1048 1943 1259 2027 peditumque
1288 1943 1514 2029 expeditorum

357 2048 521 2132 praesidio
544 2048 736 2131 Pergamum
758 2048 869 2113 venire
890 2046 1078 2130 properavit
1106 2051 1139 2111 et
1160 2053 1271 2112 contra
1293 2047 1435 2114 omnium
1458 2067 1514 2114 ex·

358 2151 588 2232 spectationem
611 2150 641 2216 ei
664 2151 808 2233 contigIt,
831 2157 866 2215 ut
881 2148 1019 2215 hostIum
1040 2147 1171 2230 agmina
1191 2155 1422 2235 perrumperet,
1445 2151 1513 2216 aui·

357 2271 445 2318 mum
468 2254 535 2319 suis
557 2250 717 2333 redderet,
741 2252 852 2317 urbem
867 2248 1031 2335 praesidio
1047 2248 1197 2316 firmaret.
1236 2249 1320 2317 Dein
1336 2252 1514 2319 levioribus

356 2354 490 2438 proeliIs
515 2353 685 2419 Seleucum
708 2353 889 2420 lacessebat
911 2359 944 2416 et
965 2352 1053 2417 omni
1075 2351 1172 2418 modo
1195 2350 1351 2436 oppidum
1372 2355 1513 2422 natiuere

358 2462 392 2521 et
406 2454 582 2520 defendere
598 2454 758 2537 studebat,
774 2452 882 2537 quoad
898 2453 1115 2520 Romanorum
1131 2459 1163 2520 et
1178 2453 1376 2521 Rhodiorum
1393 2455 1514 2523 classes

358 2557 478 2622 Elaeae
502 2556 535 2619 in
556 2563 685 2638 portum
707 2556 943 2622 inveherentur.
986 2555 1101 2638 Neque
1130 2557 1199 2623 eius
1221 2575 1297 2640 spes
1318 2555 1361 2622 ad
1390 2558 1513 2624 irritum

357 2658 489 2727 cecidit:
516 2677 590 2723 nam
611 2658 724 2742 paucis
748 2658 861 2724 diebus
884 2663 958 2741 post
980 2658 1114 2724 Elaeam
1143 2659 1346 2724 advenerunt
1372 2661 1453 2727 socii
1484 2667 1516 2726 et
1648 2717 1649 2734 ,

357 2761 468 2844 copias
497 2758 678 2826 eduxerunt
707 2779 725 2825 e
753 2761 907 2843 navibus,
941 2765 976 2826 ut
1003 2759 1139 2824 Eumeni
1167 2760 1327 2826 laboranti
1355 2762 1515 2827 auxillum
1648 2745 1649 2760 ¹

357 2863 487 2929 ferrent.

441 2965 511 3029 Iam
532 2981 611 3029 uero
626 2963 796 3044 Antiocho,
820 2963 942 3046 quippe
959 2981 1053 3046 quem
1070 2963 1190 3028 bellum
1206 2964 1514 3048 periculosissimum

356 3065 524 3130 imminere
547 3064 634 3131 haud
658 3065 791 3147 fugeret,
815 3063 1109 3132 commodissImum
1125 3067 1230 3131 slsum
1245 3070 1305 3146 est,
1328 3067 1515 3149 prinsquam

357 3167 574 3231 Romanorum
608 3168 785 3248 exercitus,
827 3185 923 3248 quem
960 3167 1088 3233 iamiam
1130 3167 1378 3250 Hellespontum
1412 3175 1515 3236 bans·

357 3286 540 3350 grossorum
564 3287 635 3334 esse
658 3275 874 3352 compererat,
898 3269 930 3333 in
954 3269 1064 3334 Asiam
1088 3269 1214 3334 veniret
1235 3277 1333 3352 atque
1355 3289 1420 3336 unu
1442 3291 1514 3338 cum

357 3369 494 3435 navibus
517 3387 552 3436 se
574 3377 712 3454 urgeret,
735 3371 825 3455 pacIs
848 3369 1053 3438 condiciones
1076 3371 1250 3455 postulare.
1293 3371 1408 3454 Itaqnc
1423 3391 1514 3438 exer·

358 3472 423 3538 citu
445 3471 577 3537 Elaeam
608 3470 739 3538 admoto
768 3473 945 3556 castrisque
974 3473 1006 3537 iu
1035 3474 1158 3539 tumulo
1187 3471 1328 3557 quodam
1357 3472 1515 3540 adversus

357 3572 491 3639 Elaeam
523 3573 586 3639 sito
620 3573 750 3658 positis,
783 3575 826 3640 ad
859 3574 895 3639 L.
923 3573 1097 3640 Aemilium
1131 3575 1293 3658 Regillum
1326 3575 1429 3658 misit,
1459 3577 1515 3659 qui

357 3675 539 3740 nuntiarent
561 3675 701 3758 colloqui
725 3695 759 3742 se
775 3677 861 3744 velle
876 3677 918 3743 de
940 3695 1021 3758 pace
1044 3667 1115 3744 cum
1132 3677 1348 3742 Romanorum
1364 3685 1515 3760 praetore

359 3775 425 3852 (cfr.
456 3775 570 3859 Polyb.
600 3776 690 3842 XXI.
725 3780 779 3858 10,
813 3777 883 3842 Liv.
915 3777 1098 3844 XXXVIII.
1133 3779 1255 3861 18sq.).
1300 3777 1409 3862 Atque
1443 3799 1514 3846 cum

357 3875 393 3941 L.
417 3877 572 3945 Aemilius
595 3880 665 3964 ipse
688 3878 804 3945 dubius
828 3878 990 3962 haereret,
1020 3879 1175 3963 quidnam
1204 3879 1388 3947 faciendum
1419 3891 1514 3964 esset,

446 4098 470 4160 t)
488 4093 529 4148 Ile
548 4093 623 4149 Culci
641 4093 759 4149 fluminis
777 4095 867 4163 capite
885 4095 934 4150 clr.
955 4093 1044 4152 Strab.
1064 4096 1139 4151 XlIl.
1162 4102 1184 4152 1.
1205 4102 1246 4152 to.
1265 4113 1292 4168 p.
1306 4102 1366 4152 bid.
