3308 5000
654 391 865 452 ..51..

185 554 342 622 auditis
365 557 413 622 ab
437 555 632 623 Corintho
657 559 826 626 veniens
849 560 1021 626 navibus
1043 560 1339 630 inllhalcidico

185 659 338 742 Euripo
372 659 538 724 Eumeni
571 661 657 742 regi
692 653 896 741 occurrit',
934 680 997 744 quc
1031 662 1102 728 loco
1136 683 1208 728 eum
1246 665 1339 732 nohis

187 759 296 826 offerri
333 761 598 844 necopinantibus
640 763 703 826 iam
747 760 802 826 diu
836 763 897 828 viri
940 763 1026 829 docti
1060 764 1295 831 adnotaverunt
1306 769 1339 840 ¹).

183 864 359 929 Praeterea
374 863 486 930 Livius
501 861 638 928 XXXV.
656 865 706 927 23.
725 866 763 926 10
776 875 839 946 sq.'
860 865 1014 949 Attalum,
1031 867 1182 933 Eumenis
1197 866 1337 951 hanam,

184 985 269 1030 anno
296 963 550 1030 maachan.
575 964 709 1030 Romam
732 965 909 1048 profectum
933 968 1130 1034 nuntiavisse
1146 968 1339 1036 Antiochum

184 1086 295 1150 regem
320 1067 566 1149 Hellespontum
590 1085 662 1131 cum
685 1067 827 1133 exercitu
850 1069 1002 1136 transisse
1026 1077 1058 1134 ot
1079 1069 1213 1136 Aetolos
1235 1071 1281 1136 ita
1303 1091 1339 1138 se

185 1187 311 1252 parare,
334 1174 369 1233 ut
391 1169 450 1233 snb
472 1166 648 1234 adventum
672 1168 740 1233 cius
763 1168 796 1232 in
818 1170 916 1234 armis
939 1176 1061 1252 essent,
1084 1170 1203 1238 diserte
1231 1173 1338 1256 prodi·

184 1269 275 1346 dite).
322 1268 385 1347 Qui
418 1276 563 1352 tempore
594 1289 693 1334 vomo
723 1269 776 1334 vel
809 1272 933 1337 aestivo
966 1273 1041 1337 anni
1073 1273 1337 1341 taraches.

183 1374 320 1438 Romam
341 1372 476 1439 advenit
503 1375 546 1447 (v.
570 1371 653 1436 infra
674 1391 706 1454 p.
724 1373 764 1434 76
776 1372 868 1454 sqq.)‚
896 1373 1044 1439 nimirum
1074 1381 1243 1459 postquam
1266 1397 1338 1443 com

182 1475 328 1540 Eumene
362 1475 459 1539 fratre
488 1491 565 1538 vere
593 1473 668 1538 anni
700 1475 759 1538 192
789 1493 818 1538 a.
841 1474 916 1540 Ohr.
939 1494 969 1539 n.
991 1495 1092 1541 mare.
1108 1477 1272 1559 Aegaeum
1305 1479 1338 1544 in

184 1576 356 1642 Graeclam
379 1575 514 1642 traiecit.
552 1573 600 1639 lbi
623 1580 730 1640 antem
753 1594 825 1639 cum
841 1574 1000 1643 Antiocho
1022 1597 1099 1662 rege
1123 1578 1275 1646 bellatum
1298 1581 1338 1646 iri

185 1698 256 1744 cum
281 1678 359 1744 satis
382 1677 568 1761 apparuerit
591 1684 688 1759 atque
705 1677 920 1742 Romanorum
943 1678 1043 1762 legati
1065 1688 1131 1745 tum
1148 1683 1338 1764 saepissime

115 1865 118 1872 1
183 1780 360 1845 Eumenem
384 1779 601 1859 convenerint,
625 1798 689 1843 non
712 1776 832 1861 dubito,
857 1780 933 1862 quin
956 1778 997 1846 dc
1020 1801 1097 1864 rege
1119 1783 1153 1847 in
1168 1783 1337 1850 Graeciam

182 1880 341 1946 mittendo
364 1882 499 1948 consilia
521 1881 602 1945 inita
623 1881 687 1947 sint
710 1878 891 1964 eodemque
912 1883 1009 1950 modo
1024 1904 1082 1950 rex
1105 1885 1221 1950 certior
1235 1886 1338 1953 factus

184 1983 226 2048 de
248 1983 385 2049 Nabidis
408 1983 550 2050 consiliis
576 1983 734 2064 rebusque
758 1982 799 2048 ab
824 2001 862 2048 eo
886 1985 985 2065 gestis
1007 1986 1040 2049 in
1063 1986 1224 2052 laconiae
1247 1989 1337 2070 oppi-

183 2085 234 2150 dis
268 2087 433 2152 maritimis
462 2104 532 2150 cum
562 2085 699 2150 navibus
728 2083 771 2148 ad
801 2085 957 2149 auxilium
988 2086 1154 2151 ferendum
1185 2088 1337 2155 Romanis

183 2187 343 2270 sociisque
358 2187 491 2254 Graecis
507 2188 540 2249 in
556 2185 725 2252 Graeciam
741 2188 972 2268 properaverit.
1010 2187 1066 2252 Sic
1086 2188 1225 2270 quodam
1241 2189 1337 2254 modo

181 2289 342 2360 Eumenes
364 2288 527 2370 profectus
550 2295 599 2354 est
620 2286 776 2354 adversus
799 2287 907 2352 Nabin
929 2295 961 2353 et
983 2289 1176 2355 Antiochum
1199 2290 1281 2356 sicut
1303 2291 1336 2356 in

181 2394 274 2458 titulo
297 2392 353 2457 illc
378 2397 427 2456 est
449 2392 603 2473 scriptum
623 2384 672 2452 ςἐκ
699 2391 759 2454 τοῦ
783 2389 934 2470 πολέμου
957 2391 1016 2454 τοῦ
1039 2388 1126 2470 πρὸς
1148 2388 1259 2474 Νάβιν
1280 2394 1336 2457 καὶ

180 2487 368 2572 strategos?

234 2640 236 2645 ,
267 2597 441 2678 Perperam
464 2602 570 2660 autem
596 2593 677 2660 haee
699 2594 799 2659 verba
830 2595 1104 2677 interpretareris,
1134 2598 1161 2661 si
1188 2596 1336 2662 crederes

182 2699 359 2764 Eumenem
380 2698 414 2762 in
430 2695 602 2760 Graeciam
617 2696 789 2776 navigasse
805 2695 848 2760 ad
867 2695 1075 2779 pugnandum
1091 2716 1161 2762 eum
1178 2697 1336 2764 Antiocho

183 2808 214 2866 et
235 2799 373 2881 Nabide,
397 2799 612 2864 Romanorum
637 2796 785 2862 hostibus
811 2798 893 2860 inter
916 2786 958 2861 ‘se
986 2799 1162 2864 coniunctis
1174 2801 1207 2876 3).
1252 2799 1335 2864 Nam

185 2953 387 2963 —..-.-———--

271 3039 295 3100 1)
314 3033 363 3088 cir.
376 3031 575 3086 Drakenborch
594 3030 630 3084 ad
649 3029 752 3084 Livium
770 3029 884 3084 XXXV.
898 3033 940 3085 39.
956 3035 979 3094 l,
998 3028 1091 3092 Meier,
1111 3045 1137 3096 p.
1152 3031 1211 3094 372,
1231 3029 1334 3083 Busch-

180 3135 270 3180 mann,
288 3135 315 3186 p.
336 3121 368 3170 14
386 3118 449 3172 adn.
472 3121 516 3180 lo,
535 3116 730 3171 Weissenborn
748 3115 783 3170 ad
799 3115 857 3170 biv.
871 3115 889 3170 l.
904 3131 938 3178 o,
956 3115 1032 3177 Ihne,
1052 3131 1077 3183 p.
1093 3118 1135 3180 87,
1154 3111 1232 3166 cuius
1250 3117 1334 3168 verba

181 3205 296 3273 exempli
307 3205 395 3272 gratia
405 3202 529 3256 afferam:
544 3195 649 3256 ‘Wonn
668 3202 722 3256 und
734 3201 784 3255 mit
795 3201 845 3256 vvie
857 3200 907 3255 vicl
921 3199 1097 3254 hlannschait
1108 3199 1245 3254 Eumenes
1263 3201 1335 3254 nach

182 3289 295 3358 Europa
313 3288 471 3355 gelrommen
489 3302 558 3350 war,
579 3286 629 3340 hat
649 3285 742 3340 Livius
760 3286 837 3340 nicht
855 3285 997 3340 berichtet.
1033 3286 1072 3339 Es
1090 3287 1127 3339 ist
1145 3284 1201 3338 dies
1221 3285 1263 3340 dic
1282 3287 1334 3340 alt·

181 3373 377 3440 hergebrachte
401 3370 618 3438 Naohlassigkeit
646 3371 712 3425 oder
741 3371 921 3424 absichtliohe
946 3369 1175 3438 Verschweigung
1197 3370 1245 3424 der
1270 3371 1333 3424 Mit-

180 3457 303 3524 vvirlrung
322 3457 370 3510 der
388 3454 644 3523 Bnndesgenossen,
669 3454 713 3508 die
740 3454 827 3508 durch
846 3453 889 3508 die
911 3470 996 3522 gunza
1020 3455 1154 3508 romische
1173 3454 1333 3508 Geschicht·

181 3541 346 3608 schreibung
363 3539 435 3608 geht,
454 3539 503 3593 cir.
522 3540 543 3592 I.
563 3557 590 3609 p.
611 3532 677 3592 232'.

265 3630 291 3690 'lt
309 3625 405 3693 ltaque
422 3624 529 3690 Nissen,
548 3640 576 3692 p.
598 3629 643 3678 lul
670 3640 720 3679 suo
738 3624 798 3678 iure
821 3624 896 3678 illam
914 3623 1001 3676 Attali
1023 3622 1186 3688 legationem
1208 3620 1261 3676 fide
1279 3638 1334 3676 non

179 3725 292 3779 prorsus
309 3709 446 3776 indignam
464 3724 524 3764 esse
542 3709 657 3764 censuit.

265 3799 290 3858 3)
309 3791 394 3859 Mire,
422 3800 452 3847 ut
474 3794 592 3858 videtur,
620 3793 653 3846 de
677 3794 783 3848 duobus
810 3793 899 3858 bellis,
927 3807 997 3860 quae
1023 3806 1054 3844 se
1080 3790 1265 3858 excipiebant,
1292 3792 1334 3844 est

179 3880 281 3933 dictum
293 3871 340 3934 ‘aa
352 3881 405 3934 τοῦ
422 3878 550 3947 πολέμου
561 3881 614 3934 τοῦ
632 3872 708 3950 πρὸς
720 3874 815 3950 Νάβιν
832 3880 881 3934 καὶ
895 3869 1055 3947 Άντίοχον’,
1074 3875 1121 3929 sed
1138 3889 1181 3927 res
1198 3874 1333 3928 involutus

177 3963 335 4032 explicabis,
356 3978 416 4016 cum
435 3967 524 4017 tecum
538 3961 750 4018 consideraveris
764 3977 868 4016 conexa
885 3963 955 4016 inter
973 3976 1002 4014 se
1019 3961 1104 4016 inisse
1121 3960 1168 4014 illa
1180 3958 1233 4013 duo
1252 3958 1331 4013 bella.

178 4048 246 4102 Nam
271 4047 358 4102 Nabis
382 4046 445 4100 belli
468 4048 575 4102 initium
598 4046 663 4102 iecit
686 4061 733 4114 spe
761 4053 909 4100 commotus
927 4046 1093 4102 Antiochum
1116 4045 1191 4098 brevi
1212 4050 1333 4113 tempore

178 4148 256 4188 arma
272 4134 392 4186 laturum
411 4147 469 4186 esse
488 4137 584 4186 contra
603 4133 710 4187 eosdem
728 4131 865 4185 Romanos
884 4146 1029 4200 eorumque
1047 4129 1262 4186 confoederatos.

1143 4218 1174 4267 4*
