3344 5008
682 362 892 422 ..27-

212 529 299 594 iiiam
330 549 348 595 e
382 531 449 594 vita
480 529 617 614 abiisse,
651 549 722 596 oum
751 529 911 594 Eumenes
945 547 1000 593 rex
1036 523 1151 612 Σωτήρ
1185 534 1364 595 vocaretur.

213 630 305 709 Quod
328 650 505 715 cognomen
534 652 606 699 cum
636 632 770 697 traxerit
799 651 840 696 ex
870 631 1007 697 victoria
1029 651 1049 695 a
1072 629 1294 714 Gallograecis
1316 651 1364 700 re·

212 738 354 816 portata,
385 739 421 798 ut
448 735 571 800 monuit
601 733 822 801 Haussoullier
851 732 979 812 (Bullet
1013 732 1053 800 de
1082 753 1222 818 corresp.
1246 732 1364 800 hellen.

213 835 276 900 vol.
305 835 343 899 V.
375 837 485 913 (1881)
514 857 544 920 p.
570 839 644 914 386)
667 837 862 918 rectissime,
897 840 931 900 ut
964 833 1043 900 mihi
1067 835 1196 918 quidem
1228 835 1364 918 videtur,

214 937 443 1021 Apollonidem
460 943 592 1004 matrem
617 940 700 1004 intra
723 959 823 1006 annos
842 939 938 1003 166-
949 941 1008 1004 159
1031 959 1060 1004 a
1074 937 1149 1004 Chr.
1162 959 1192 1003 ιι.
1209 944 1365 1004 mortuam

214 1059 285 1106 esse
309 1061 381 1106 eum
404 1039 598 1108 Fraeuirelio
622 1047 808 1107 statuemus.
855 1041 934 1107 Cum
957 1059 1050 1123 vero,
1081 1046 1115 1105 ut
1138 1039 1223 1108 idem
1248 1037 1367 1102 Fraen·

214 1141 319 1208 trelius
342 1142 395 1207 11.
415 1143 525 1209 docuit
546 1143 589 1210 ad
612 1144 658 1208 tit.
686 1145 745 1206 too
769 1163 798 1226 p.
822 1143 873 1225 88,
897 1148 969 1226 post
984 1162 1101 1208 annum
1119 1145 1181 1208 238
1204 1164 1234 1207 a.
1247 1138 1321 1206 chr.
1335 1158 1367 1203 ιι.

213 1265 276 1310 nou
300 1245 342 1310 sit
363 1251 438 1311 nata
461 1253 493 1311 et
514 1251 588 1328 post
601 1265 718 1311 annum
739 1265 767 1310 a.
781 1243 854 1310 Chr.
868 1265 897 1310 n.
918 1247 977 1308 166
994 1245 1061 1310 vita
1077 1244 1261 1325 decesserit,
1286 1241 1366 1307 duos

204 1353 248 1444 ‘et
269 1349 475 1432 septuaginta
497 1347 662 1412 miuimum
692 1366 793 1414 annos
823 1347 986 1430 implevit:
1013 1365 1079 1430 qna
1107 1367 1142 1414 re
1174 1347 1264 1412 brevi
1292 1350 1366 1410 ante

215 1451 276 1516 238
300 1470 329 1516 a.
345 1448 419 1515 Chr.
436 1470 466 1514 n.
491 1450 580 1514 illam
603 1469 674 1516 esse
697 1455 805 1516 natam
828 1468 933 1532 neque
956 1448 1001 1513 ita
1029 1449 1130 1516 multo
1152 1455 1226 1515 ante
1249 1467 1366 1514 annum

216 1554 277 1616 222
300 1573 328 1618 a
346 1551 420 1618 Chr.
436 1573 467 1617 ιι.
491 1552 599 1618 Attalo
622 1553 770 1636 nupsisse
793 1558 880 1637 puto.

302 1654 428 1720 Deinde
457 1654 633 1720 Eumenem
663 1675 772 1738 regem
802 1653 890 1721 haud
920 1652 1020 1717 multo
1054 1659 1128 1718 ente
1155 1674 1273 1719 anuum
1305 1655 1365 1717 221

215 1755 333 1823 abbr.
351 1777 381 1821 n.
406 1757 438 1821 iu
468 1756 571 1822 lucem
602 1777 672 1824 esse
703 1758 824 1824 editum
854 1755 1075 1839 consequitur,
1104 1755 1291 1839 etapium,
1326 1776 1367 1821 ex

217 1860 256 1924 iis
278 1860 384 1942 rebus,
408 1879 490 1942 quae
521 1860 607 1943 apud
636 1861 808 1944 scriptores
839 1859 1043 1924 inveniuntur
1073 1857 1114 1923 de
1138 1858 1248 1924 Attalo
1271 1859 1365 1940 (III),

218 1962 371 2028 Eumenis
399 1962 485 2044 regis
513 1960 589 2027 filio.
635 1959 698 2038 Qui
719 1982 803 2027 anno
830 1965 889 2025 152
920 1980 948 2024 a.
972 1958 1046 2025 chr.
1069 1981 1099 2026 n.
1124 1963 1165 2038 (a.
1189 1981 1218 2025 u.
1242 1981 1267 2027 c.
1292 1961 1366 2038 602)

217 2064 339 2131 Itomae
363 2083 495 2130 versans
517 2062 691 2146 aPonbio
707 2063 862 2128 XXXIII.
881 2063 929 2126 18.
947 2063 966 2124 2
990 2059 1039 2124 ἐὐι
1056 2072 1138 2138 παῖς
1153 2055 1200 2125 δν
1223 2063 1366 2146 appella-

218 2171 268 2231 tur
298 2176 345 2250 et,
375 2172 409 2232 ut
438 2185 479 2232 ex
502 2163 668 2232 Strabonis
699 2166 806 2232 verbis
836 2165 925 2230 XIII.
949 2169 977 2229 4.
1002 2168 1021 2226 2
1048 2185 1080 2248 p.
1098 2168 1161 2229 624
1183 2161 1368 2247 ἐπίτροπον

219 2265 254 2331 δὲ
277 2265 458 2353 κατέστησε
479 2266 611 2332 καὶτοῦ
633 2265 758 2343 παιδὸς
775 2263 848 2331 νέου
863 2263 984 2343 τελέως
1005 2259 1101 2342 δνυος
1116 2268 1171 2331 καὶ
1195 2271 1252 2351 της
1269 2260 1369 2354 ἀρχῆς

217 2366 276 2434 τὸν
299 2366 446 2454 ἀδελφὸν
456 2362 616 2433 Ἄτταλον
639 2377 688 2438 est
710 2371 929 2453 manifestum,
959 2376 1050 2454 patre
1080 2379 1204 2436 mortuo
1233 2371 1368 2439 idoneus

217 2494 280 2540 non
302 2474 363 2538 fuit
385 2471 582 2539 moderando
605 2473 747 2557 imperio.
794 2473 863 2538 Iam
892 2492 965 2538 eum
995 2492 1078 2538 euno
1105 2477 1163 2538 167
1186 2493 1215 2538 a
1239 2473 1313 2539 Chr.
1337 2496 1367 2540 ιι.

219 2578 259 2654 (a.
284 2596 313 2641 u.
338 2596 364 2641 c.
394 2577 468 2648 587)
498 2575 641 2642 nondum
672 2576 770 2643 tuisse
800 2581 910 2643 natum
941 2575 1028 2659 apud
1058 2576 1230 2659 Polybium
1261 2578 1367 2643 XXX.
1417 2601 1419 2603 ¹

219 2680 248 2742 2.
273 2681 372 2762 baqq.
397 2679 549 2760 scriptum
573 2677 729 2744 videmus.
775 2677 830 2744 su
853 2679 937 2744 euim
962 2698 1034 2744 cum
1057 2677 1369 2762 Schweighaeusero

219 2780 349 2864 Polybii
382 2781 481 2846 verba
517 2770 681 2845 οδδέπω
714 2775 788 2864 γὰρ
823 2771 1177 2862 δνοδεδειμμένος
1217 2774 1370 2861 ἐτύγχανε

220 2878 304 2946 κατὰ
331 2879 433 2967 φύσιν
461 2879 534 2958 υἱδς
562 2870 608 2945 (δν
637 2873 729 2966 αὐτῷ
758 2875 775 2946 δ
799 2878 882 2963 μετὰ
912 2881 1017 2944 ταῦτα
1046 2878 1281 2963 διαδεξάμενος
1309 2881 1370 2969 τὴν

221 2975 321 3072 ἀρχήν
344 2991 417 3050 sunt
432 2985 660 3068 intellegenda,
684 3005 766 3069 quae
782 2986 894 3050 Livius
909 2983 1077 3048 XXXXV.
1098 2989 1144 3050 19.
1165 2990 1199 3049 11
1219 3005 1370 3070 perverse

220 3088 253 3151 in
268 3106 446 3153 sermonem
458 3087 605 3153 Latinum
623 3088 779 3154 convertit
793 3085 815 3170 ¹)
834 3081 1012 3152 ‘necdum
1029 3088 1232 3153 enimcum
1249 3108 1371 3170 agno·

222 3195 354 3272 verat,
371 3190 425 3272 qui
442 3199 556 3272 postea
571 3181 739 3273 regnavit',
762 3196 797 3256 ut
813 3190 978 3257 evidenter
1001 3196 1092 3275 petet
1113 3191 1263 3275 everbis,
1286 3212 1370 3275 quae

220 3290 415 3356 antecedunt
437 3297 470 3356 et
491 3292 620 3374 Polybii
643 3289 691 3368 εἰς
714 3290 750 3356 δέ
772 3289 809 3356 τδ
832 3292 953 3374 μέλλον
976 3287 1247 3377 ὁμολογουμένως
1268 3317 1370 3358 κατα-

221 3393 376 3458 λείπεται
399 3389 553 3474 διάδοχος
574 3396 632 3480 τῆς
656 3388 770 3483 ἀρχῆς,
796 3387 834 3460 οδ
857 3393 986 3480 μακρὰν
1009 3389 1130 3481 ταύτης
1151 3397 1210 3480 τῆς
1233 3393 1371 3474 ἐλπίδος

221 3493 433 3580 ὑπαρχούσης
456 3485 514 3560 δι’νε
535 3498 595 3561 τοῦ
615 3498 781 3579 βασιλέως
805 3493 861 3561 διὰ
882 3498 941 3579 μὲν
965 3495 1024 3584 τὴν
1056 3495 1245 3584 σωματικὴν
1270 3491 1370 3562 δοθέ-

222 3622 313 3664 νειαν
343 3595 409 3662 αἰεὶ
432 3597 686 3682 προσδοκῶντος
715 3597 775 3685 τὴν
804 3601 838 3664 ἐκ
865 3602 924 3664 τοῦ
945 3603 1021 3680 βίου
1050 3593 1268 3681 μετάστασιν,
1300 3600 1318 3663 δ
1328 3598 1369 3666 ιὰ

224 3699 264 3766 δὲ
285 3698 357 3786 τὴν
382 3693 589 3766 ἀπαιδίαν
613 3693 680 3766 οὐδ’
707 3701 737 3766 εἰ
765 3702 949 3788 βουληθείη
979 3699 1159 3785 δυναμένου
1188 3698 1247 3786 τὴν
1270 3694 1370 3790 ἀρχὴν

223 3796 313 3888 ἄλλῳ
337 3801 534 3867 καταλιπεῖν
564 3810 597 3869 et
618 3804 691 3871 Livi
711 3799 796 3872 ‘cam
827 3805 1043 3870 infirmitatem
1072 3809 1274 3888 aetatemque
1310 3807 1369 3872 Ilu-

224 3908 326 3973 menis
360 3925 432 3973 esse
464 3907 617 3972 nullam
652 3907 824 3991 stirpem
853 3908 1025 3974 liberum
1049 3899 1255 3972 habentis'.
1301 3908 1371 3975 Hoc

313 4127 336 4191 1)
353 4124 403 4178 cir.
422 4123 616 4180 Weissenborn
633 4125 667 4178 ad
687 4124 744 4177 Liv.
762 4124 781 4181 I.
799 4123 817 4176 I.
