3344 5008
827 349 1046 410 ..32-

362 512 383 578 l.
407 512 428 578 l.
453 512 557 596 affert,
581 511 782 582 definiuntur.
820 514 903 580 Nam
927 514 1024 582 facile
1046 514 1122 583 hinc
1142 516 1347 601 perspicitur,
1371 517 1531 598 Elaeam,

359 615 526 700 Grynium,
550 615 706 700 Myrinam
723 616 853 702 oppida,
877 637 959 701 quae
976 639 995 682 a
1011 617 1109 685 (laico
1132 618 1264 685 flumine
1283 619 1329 685 ad
1343 620 1529 686 meridiem

360 719 547 802 vergebant,
571 717 670 786 Attali
693 719 779 802 regis
802 719 937 804 imperio
961 720 1107 787 subiecta
1128 723 1237 788 fnisse.

447 825 598 890 Attamen
621 819 737 888 Strabo
760 821 780 886 l.
803 821 824 886 l.
849 823 988 888 continui
1012 826 1103 907 regni
1132 825 1220 890 illius
1249 825 1409 908 temporis
1432 844 1528 889 sum·

358 945 427 994 mos
457 922 675 992 tautummodo
703 942 754 990 res
784 923 908 1008 attigit,
932 944 1003 990 cnm
1027 932 1196 1010 praeterea
1218 925 1418 992 Graecorum
1438 948 1528 992 non·

360 1028 468 1097 nullae
498 1026 646 1094 civitates
674 1026 783 1092 Attalo
806 1026 831 1092 Ι.
861 1027 930 1110 regi
960 1029 1133 1112 paruerint.
1179 1029 1229 1094 Ex
1251 1029 1407 1094 Eumenis
1431 1031 1526 1095 euim

358 1130 445 1216 apud
469 1129 582 1214 Polyb.
606 1127 694 1194 XXI.
722 1131 806 1194 19.9
831 1129 937 1196 verbis
960 1125 997 1194 τὸ
1021 1126 1084 1214 μὰρ
1106 1132 1165 1217 τῆς
1189 1128 1386 1214 ἐλευθερίας
1409 1125 1526 1212 ὄνομα

359 1233 413 1300 καὶ
442 1233 500 1320 τῆς
529 1223 729 1314 αὐτονομίας
757 1224 836 1318 ἡμῖν
871 1229 930 1312 μὲν
966 1223 1155 1298 ἀποστάσει
1185 1231 1315 1308 πάντας
1343 1225 1382 1297 οὐ
1412 1229 1525 1313 μόνον

358 1331 436 1414 τούς
465 1336 521 1400 νῦν
556 1329 934 1418 ἐλευθερωθησομένοος
961 1330 1045 1398 ἀλλὰ
1074 1337 1130 1400 καὶ
1165 1331 1263 1411 τούς
1300 1333 1524 1419 πρότερον

360 1433 457 1524 ἡμῖν
479 1430 851 1520 ὑποταττομένους
867 1434 933 1502 κτλ.
948 1443 980 1503 et
997 1457 1023 1504 e.
1037 1429 1305 1520 20.8Άντιόχου
1328 1435 1393 1522 γὰρ
1409 1460 1522 1503 σπου

360 1537 516 1620 ὄάζοντος
530 1532 610 1626 ἡμῖν
625 1541 794 1624 θυγατέρα
811 1537 925 1604 δοῦναι
948 1539 1003 1604 καὶ
1021 1543 1301 1628 συνοικειωθῆναι
1322 1553 1395 1618 τοῖς
1411 1539 1521 1617 ὅλοις.

358 1639 509 1720 διδόντος
532 1639 568 1706 δὲ
591 1642 793 1728 παραχρῆμα
815 1639 875 1725 μὲν
897 1637 968 1717 τὰς
984 1639 1191 1725 πρότερον
1207 1634 1520 1730 ἀπηλλοτριω-

360 1749 508 1830 μένους
532 1734 594 1830 ἇφ’
620 1737 732 1828 ἡμῶν
756 1741 904 1822 πόλεις
925 1745 993 1810 κτλ.
1018 1745 1115 1829 (apud
1138 1747 1210 1813 Liv.
1226 1747 1395 1813 XXXVII.
1421 1750 1473 1812 53.
1501 1753 1520 1814 3

358 1841 436 1934 ‘quo
453 1849 635 1934 impetrato,
647 1849 697 1914 oui
710 1846 841 1914 dublum
854 1854 912 1933 est,
928 1849 1005 1932 quin
1022 1854 1054 1914 et
1068 1869 1089 1912 a
1102 1848 1196 1915 uobis
1211 1849 1356 1916 aversuri
1372 1850 1439 1917 siut
1453 1871 1520 1916 nou

361 1971 417 2020 eas
434 1951 529 2020 modo
546 1950 704 2036 civitates,
722 1969 805 2034 onae
821 1949 1050 2032 liberabuntur,
1067 1949 1125 2016 sed
1141 1951 1238 2016 etiam
1254 1957 1422 2018 ueteres
1445 1955 1519 2018 sti·

361 2043 780 2142 pendiarlasnostras'
797 2072 897 2136 o.q.s.
911 2045 1519 2140 et§13‘rexAsiacetpartisEnropae

362 2155 539 2226 Antiochus
554 2155 653 2222 liliam
670 2176 759 2224 snam
785 2156 816 2222 in
832 2156 1066 2223 matrimonium
1089 2153 1170 2219 mihi
1187 2154 1300 2239 dabat;
1325 2159 1519 2227 restituebat

362 2261 523 2346 extemplo
547 2261 761 2344 civitates,
785 2279 887 2343 quae
911 2257 1151 2324 deiecerant
1173 2277 1193 2322 a
1215 2250 1355 2338 uobis')
1379 2269 1518 2348 apparet

363 2361 484 2449 oppida
500 2361 626 2429 Graeca
642 2361 673 2428 in
685 2361 785 2428 Attali
801 2362 886 2444 regis
903 2364 1060 2446 potestate
1076 2358 1184 2426 fnisse.
1220 2360 1261 2425 at
1283 2362 1366 2430 alter
1382 2364 1516 2447 quidem

362 2465 494 2550 Polybii
516 2464 606 2531 loeus
629 2461 731 2548 (XXI.
757 2465 806 2529 20.
833 2465 850 2528 8
875 2469 906 2530 et
928 2462 1002 2529 Livi
1025 2459 1192 2528 XXXVII.
1218 2466 1268 2528 53.
1295 2464 1346 2542 13)
1377 2487 1450 2533 oum
1472 2466 1516 2532 ad

363 2567 511 2636 civitates
541 2565 683 2635 Graecas
711 2568 753 2635 sit
785 2563 986 2648 referendus,
1021 2584 1100 2648 quas
1134 2562 1260 2633 Attalus
1292 2568 1339 2634 ois
1373 2569 1514 2635 Tanmm

361 2674 502 2739 montem
526 2670 660 2755 imperio
676 2690 734 2737 suo
750 2669 931 2738 subiecerat
947 2667 1107 2752 pauloque
1122 2673 1196 2752 post
1211 2669 1373 2754 amiserat,
1397 2671 1514 2756 respici

361 2793 424 2840 uon
437 2779 553 2858 potest,
565 2770 622 2840 sed
635 2773 768 2840 alterius
785 2772 846 2840 loci
861 2771 1001 2856 (Polybii
1013 2770 1103 2836 XXI.
1119 2773 1198 2836 too
1215 2771 1332 2838 etLiui
1344 2772 1512 2838 XXXVII.

362 2881 411 2945 53.
437 2877 469 2958 3)
498 2875 580 2943 ratio
605 2874 754 2942 habenda
782 2881 831 2942 est
859 2895 897 2942 ao
926 2874 1073 2942 similiter
1099 2894 1227 2957 eorum,
1252 2894 1335 2960 quac
1358 2875 1513 2960 Polybius

363 2979 398 3045 V.
424 2983 462 3044 77
477 2998 546 3064 sqq.
571 2977 712 3046 tradidit.
758 2977 976 3044 Buschmann:
1000 2977 1021 3041 l.
1045 2976 1065 3042 l.
1090 2996 1120 3060 p.
1138 2981 1155 3040 7
1169 2997 1217 3061 sq.
1242 2976 1303 3044 hac
1330 2978 1512 3044 narratione

362 3081 542 3166 Polybiana
564 3081 652 3146 abuti
676 3087 725 3148 est
747 3087 879 3147 conatus
901 3078 944 3147 ad
977 3077 1057 3146 fines
1080 3077 1180 3145 Attali
1211 3081 1301 3163 regui
1331 3077 1511 3148 describen-

363 3183 439 3267 dos,
469 3180 526 3248 sed
557 3181 683 3248 videtur
713 3183 746 3248 iu
776 3188 863 3248 certa
892 3182 1051 3248 sententia
1079 3201 1142 3247 uon
1171 3183 1314 3266 potuisse
1338 3183 1512 3250 consistere

362 3293 451 3354 ratus
475 3306 538 3352 nou
562 3283 670 3350 omnia
692 3285 748 3350 illa
771 3283 907 3369 oppida,
930 3283 972 3349 ad
995 3302 1079 3366 quae
1101 3284 1198 3368 paulo
1221 3285 1305 3351 inira
1326 3285 1511 3364 redibimus,

363 3407 492 3474 semper
515 3389 547 3453 in
569 3385 633 3453 fide
656 3386 756 3454 Attali
787 3387 959 3469 mansisse,
989 3385 1047 3452 sed
1076 3392 1108 3452 et
1136 3387 1213 3453 illae
1240 3393 1272 3454 et
1298 3388 1383 3454 aliae
1411 3389 1511 3454 Attali

363 3491 511 3558 civitates
534 3488 763 3575 stipendiariae
786 3491 856 3558 sive
878 3491 919 3556 ab
944 3488 1004 3556 hoo
1027 3490 1097 3556 sive
1119 3489 1161 3555 ab
1176 3490 1320 3557 Eumene
1343 3490 1509 3558 defecisse.

363 3595 426 3660 Res
449 3599 555 3660 antem
585 3593 632 3660 sio
654 3613 690 3659 se
713 3592 824 3660 habet:
848 3591 1015 3676 Achaeos,
1050 3593 1104 3676 qni
1135 3593 1180 3659 cis
1210 3594 1350 3659 Taurum
1378 3613 1510 3676 reguum

363 3696 426 3764 sibi
459 3697 667 3763 constituerat
695 3696 762 3766 (afr.
794 3695 909 3761 Melet:
939 3694 959 3759 l.
991 3696 1010 3760 l.
1045 3717 1076 3780 p.
1099 3693 1265 3779 essequo,
1300 3715 1371 3762 cum
1405 3695 1509 3779 Selgis

362 3799 482 3866 bellum
507 3798 674 3880 intulisset,
696 3798 824 3863 Attalus
848 3818 906 3864 rex
928 3799 1080 3880 tentavit,
1104 3804 1137 3863 nt
1159 3797 1385 3864 adiuvantibus
1408 3799 1509 3883 copiis

363 3903 571 3984 Aegosagnm
587 3900 873 3984 Gallograecorum
896 3900 1029 3985 oppida,
1054 3920 1137 3984 qnae
1160 3900 1353 3982 defecerant,
1376 3901 1508 3985 imperio

364 4024 422 4070 suo
446 4005 678 4070 reconciliaret.
723 4001 865 4081 Quorum
899 4005 1078 4089 compluria
1107 4022 1170 4070 nou
1204 4005 1306 4070 iuvita
1338 4006 1371 4071 in
1404 4011 1507 4088 partes

365 4108 433 4172 eius
456 4107 657 4190 transierant,
681 4127 753 4174 cum
776 4114 872 4173 antea
886 4113 970 4175 metu
988 4113 1148 4174 commota
1169 4106 1212 4173 ad
1226 4105 1392 4174 Achaeum
1409 4105 1507 4173 desci-
