3308 5000
847 342 1059 405 ..gp-

379 531 476 596 spera
496 512 546 578 usi
567 516 641 577 sont
655 510 822 594 quingenti
837 509 984 590 Romani,
1007 527 1088 591 quos
1103 508 1140 574 T.
1157 506 1326 586 Quinctius
1342 506 1530 576 Chalcidem

379 612 547 679 dimiserat
558 613 707 678 nimirum
724 631 742 678 c
758 612 861 678 classe
877 613 1032 692 Romana,
1048 629 1141 694 quae,
1158 617 1301 695 utsupra
1312 611 1530 696 exposuimus,

379 715 544 798 aliquanto
566 720 641 780 ante
657 713 795 780 Nabidis
817 713 938 779 bellum
962 713 1174 796 compositum
1197 715 1235 778 A.
1258 713 1360 779 Atilio
1382 719 1531 797 praetore

376 819 409 884 in
433 818 603 884 Graeciam
624 816 764 899 appulsa
784 822 862 882 erat

464 917 525 997 Qui
547 917 667 983 milites
691 916 942 1000 haudquaquam
958 935 976 982 e
992 917 1207 984 Romanorum
1229 916 1375 983 exercitu
1393 916 1531 985 detracti

377 1029 464 1102 sunt,
499 1027 534 1085 ut
562 1020 624 1085 riri
658 1018 745 1085 docti
778 1017 1025 1084 contenderunt:
1059 1039 1133 1085 nam
1158 1011 1315 1100 ‘intcrim,
1347 1019 1426 1086 dum
1454 1019 1531 1085 novi

376 1111 602 1205 magistratus,
636 1122 682 1186 ait
702 1120 815 1188 Livius
837 1120 973 1186 XXXV.
997 1122 1047 1184 24.
1072 1123 1089 1183 7
1114 1112 1313 1187 ‘sortirentur
1335 1122 1531 1206 provincias,

376 1225 418 1290 hl.
435 1223 575 1290 Baebius
589 1244 611 1290 a
625 1221 797 1289 Brundisio
821 1242 893 1288 cum
916 1222 1063 1290 omnibus
1079 1223 1182 1306 copiis
1196 1223 1332 1289 transire
1348 1223 1381 1288 in
1396 1223 1531 1307 Epirum

377 1332 426 1394 est
455 1327 559 1393 iussus
587 1331 620 1392 et
642 1325 728 1391 circa
750 1324 958 1408 Apolloniam
984 1324 1095 1408 copias
1120 1315 1311 1408 continere'3
1334 1331 1531 1409 quapropter

375 1448 440 1494 non
462 1435 511 1494 est
532 1426 689 1494 credibile
717 1445 789 1492 eum
819 1427 893 1493 illos
924 1427 1116 1509 quingentos
1146 1425 1307 1509 emisisse,
1339 1427 1529 1512 pracsertim

375 1549 448 1597 oum
470 1536 536 1596 tam
564 1549 686 1613 parrae
714 1529 828 1611 copiae
857 1529 898 1594 ab
927 1528 1103 1611 Apollonia
1130 1547 1189 1611 per
1217 1527 1341 1594 medias
1371 1527 1530 1595 Graeciae

375 1639 487 1714 terras,
510 1651 593 1714 quae
616 1636 707 1697 crant
728 1631 882 1696 Romanis
908 1629 1151 1712 infestissimae,
1179 1629 1223 1696 ad
1245 1628 1435 1697 Chalcidem
1458 1651 1530 1715 pro

375 1733 469 1816 gredi
496 1753 560 1800 non
588 1738 729 1816 possent.
773 1731 846 1797 Huc
873 1732 1016 1812 aceedit,
1047 1731 1134 1816 quod
1156 1731 1344 1817 Menippus,
1378 1734 1430 1799 cui
1462 1737 1530 1799 erat

375 1835 572 1918 mandatum,
595 1843 631 1901 ut
652 1836 818 1920 exciperet
832 1833 1035 1900 Achaeorum
1058 1839 1090 1900 et
1113 1834 1265 1901 Eumenis
1287 1835 1421 1920 auxilia,
1446 1853 1530 1918 quaa

373 1960 395 2005 a
417 1936 551 2005 meridie
573 1938 702 2004 venisse
718 1943 966 2004 consentaneum
988 1943 1046 2020 est,
1070 1937 1144 2003 illos
1159 1938 1322 2004 Romanos
1339 1936 1383 2003 ad
1398 1937 1529 2004 Delium

374 2041 578 2124 inopinantes
592 2057 766 2124 aggressus
781 2039 882 2104 terme
897 2058 1007 2106 omnes
1023 2037 1154 2104 delevit.
1181 2039 1296 2122 Neque
1311 2059 1389 2106 vero
1405 2040 1529 2124 dubito,

374 2145 450 2227 quin
473 2144 511 2209 T.
528 2141 696 2221 Quinctius
716 2141 923 2226 Micythionis
945 2147 1109 2224 permotus
1131 2140 1291 2226 precibus,
1314 2142 1369 2224 qui
1392 2163 1414 2208 a
1434 2141 1527 2210 Chal·
1648 2174 1649 2200 i

374 2245 559 2312 cidensibus
582 2245 697 2312 missus
721 2251 789 2310 erat
812 2242 912 2309 adid
935 2245 1041 2327 ipsum
1056 2241 1254 2327 praesidium
1269 2244 1445 2326 petendum
1460 2244 1527 2324 (co.

374 2348 445 2412 Liv.
469 2351 651 2429 c.50.10),
684 2346 876 2429 quingentos
904 2345 978 2412 illos
1007 2346 1170 2411 Romanos
1199 2345 1242 2410 ad
1264 2344 1454 2412 Chalcidem
1482 2348 1529 2412 ire

375 2448 513 2514 iusserit.
558 2448 623 2514 Res
651 2467 724 2514 oum
752 2448 799 2512 ita
826 2467 862 2513 se
893 2446 1048 2530 habeant,
1078 2465 1203 2529 nequeo
1225 2447 1395 2531 astipulari
1417 2446 1528 2532 Ihneo,

374 2550 429 2633 qui
452 2550 473 2613 l.
489 2549 511 2614 1.
526 2549 575 2614 III
597 2567 628 2632 p.
644 2551 685 2615 93
700 2548 775 2614 adn.
793 2553 812 2613 4
833 2548 1005 2615 arbitratur
1020 2549 1195 2616 verisimile
1217 2555 1338 2615 mutum
1361 2569 1433 2617 esse
1455 2551 1529 2619 illos

375 2671 393 2717 e
408 2651 565 2718 militibus
580 2651 724 2718 classicis
740 2671 810 2718 esse
826 2650 997 2718 deuectos.
1042 2651 1110 2717 Sed
1124 2652 1254 2717 omuino
1276 2650 1309 2716 id
1333 2652 1436 2720 solum
1460 2653 1529 2720 lieri
1647 2671 1648 2674 ’

372 2754 515 2837 potuisse
539 2754 696 2836 quianon
718 2752 888 2821 concedit?
1647 2747 1648 2778 ¹

460 2853 583 2932 Quibus
605 2856 759 2922 Romanis
781 2856 824 2921 ad
848 2855 978 2922 Delium
1007 2855 1122 2922 occisis
1144 2855 1377 2922 Chalcidenses
1399 2863 1529 2940 praeter

374 2975 449 3024 suos
472 2963 504 3022 et
525 2957 755 3024 Eretriensium
778 2965 811 3023 et
833 2957 1053 3041 Carystiorum
1077 2957 1212 3039 milites,
1239 2959 1267 3025 si
1289 2958 1464 3042 illiusque
1486 2959 1528 3026 ad

374 3057 407 3124 id
431 3065 557 3141 tempus
580 3059 614 3123 iu
636 3060 714 3125 urbe
736 3064 966 3140 remanserant,
990 3059 1078 3142 quod
1100 3079 1163 3126 non
1185 3060 1265 3125 satis
1285 3067 1433 3127 constare
1449 3061 1528 3128 mihi

374 3158 518 3241 videtur,
550 3160 713 3228 habebant
741 3161 785 3228 ad
807 3161 896 3226 mille
926 3169 959 3226 et
987 3169 1147 3229 trecentos
1169 3161 1287 3228 milites
1310 3162 1528 3244 Pergamenos

374 3267 407 3328 et
427 3261 598 3345 Achaicus,
620 3281 756 3345 quorum
771 3262 995 3329 adnumerum
1010 3269 1085 3330 sunt
1105 3262 1268 3330 adiciendi
1290 3267 1444 3348 perpauci
1466 3267 1527 3332 Ro·

373 3363 478 3446 mani,
512 3364 568 3446 qui
596 3365 723 3431 cladem
744 3364 788 3430 ad
811 3364 940 3432 Delium
961 3373 1129 3450 acceptam
1153 3365 1333 3450 effugerant
1364 3367 1432 3441 (etr.
1456 3367 1527 3432 biv.

373 3486 400 3532 c
417 3470 468 3531 51.
485 3470 527 3539 4).
538 3467 560 3542 ²)
604 3467 673 3534 Hos
700 3473 809 3534 auteur
838 3485 958 3550 paucos
981 3468 1104 3550 ingenti
1127 3467 1278 3534 Antiochi
1301 3467 1457 3534 exercitui
1479 3487 1526 3536 re·

374 3569 489 3636 sistere
517 3589 582 3636 non
608 3587 703 3653 posse
727 3569 818 3636 brevi
841 3577 985 3652 tempore
1007 3571 1167 3653 apparuit.
1212 3569 1275 3635 Vix
1297 3571 1382 3636 euim
1405 3589 1465 3636 rex
1486 3569 1527 3636 ad

373 3670 523 3736 Aulidem
551 3672 728 3738 exercitum
757 3672 962 3752 admoverat,
998 3691 1069 3737 oum
1099 3670 1328 3738 Chalcidenses
1357 3671 1387 3738 ei
1416 3673 1525 3739 urbem

463 3842 484 3900 l)
503 3836 592 3890 Erant
610 3843 700 3891 autem
724 3837 862 3907 quingenti
880 3837 983 3892 Achaei
1000 3845 1028 3892 et
1049 3838 1211 3907 septingenti
1234 3839 1275 3892 uel
1298 3838 1446 3905 octingenti
1464 3838 1526 3892 Pcr-

372 3922 486 3988 gamenh
522 3921 621 3986 lhne,
645 3925 692 3992 qui
716 3923 821 3978 censuit
839 3923 1000 3991 quingentos
1022 3922 1109 3978 tuisse
1126 3923 1322 3992 Pergamenos,
1349 3923 1423 3978 hand
1447 3924 1527 3978 dubie

373 4021 428 4060 non
454 4013 530 4062 recta
554 4007 689 4063 intellexit
715 4009 775 4064 Liui
800 4009 884 4063 rerba
910 4023 934 4062 c.
954 4011 986 4062 39
1014 4010 1042 4062 et
1066 4023 1089 4062 o.
1116 4013 1148 4062 50
1175 4007 1445 4071 (clr.anchn1anu:
1472 4009 1490 4064 l.
1509 4007 1526 4062 1.

371 4107 398 4160 p.
420 4097 470 4157 ts).
