3308 5000
646 410 857 471 ..59-

178 575 250 642 fieri
272 595 336 641 non
357 574 516 660 potnerit,
546 582 581 640 ut
602 574 835 659 Philopoemen
857 575 972 641 Patras
993 573 1073 658 iugc
1097 581 1237 658 peteret,
1260 594 1324 657 quo

174 679 287 744 venire
323 696 387 743 non
423 676 529 759 potuit
564 677 626 744 nisi
657 684 757 743 totam
788 676 1046 759 Peloponnesum
1083 677 1325 743 circumvectus.

174 780 248 846 Huc
270 778 406 862 accedit,
430 776 516 861 quod
537 779 650 863 paucis
672 778 787 845 diebus
809 784 892 862 post,
915 785 950 844 ut
965 797 1006 844 ex
1021 779 1202 845 Pausaniae
1217 779 1327 846 verbis

175 881 264 949 v111.
289 884 339 946 50.
363 883 398 946 8:
431 874 608 967 ἡμέραις
637 878 679 944 δὲ
714 869 887 966 ὕστερον
919 881 990 966 τῆς
1018 885 1253 963 ναυμαχίας
1283 878 1327 946 οὐ

175 982 358 1058 πολλαῖς
382 982 598 1066 Φιλοποίμην
626 977 664 1046 τὸ
695 978 924 1065 στρατόπεδον
953 983 1019 1046 τῶν
1045 982 1328 1065 Λακεδαιμονίων

174 1087 453 1169 κατεμπιπρᾶσιν
475 1081 509 1148 ἐν
525 1087 556 1148 Γ
552 1086 644 1168 vaip
667 1089 699 1150 et
712 1082 878 1150 Plutarchi
894 1084 1020 1167 Philop.
1039 1089 1093 1150 14:
1116 1082 1203 1170 πρὸς
1224 1086 1329 1150 ταῦτα

172 1185 345 1274 γινώσκων
372 1187 665 1272 καταφρονοῦντας
695 1178 798 1250 αὑτοῦ
818 1181 897 1261 τοὺς
923 1187 1108 1268 πολεμίους
1130 1182 1175 1263 ὡς
1197 1185 1329 1253 παντά-

175 1311 264 1355 πασι
297 1287 506 1375 πεφευγότος
534 1284 569 1352 ἐκ
599 1289 659 1374 τῆς
686 1285 860 1376 θαλάττης
887 1289 943 1353 καὶ
973 1289 1236 1372 πολιορκοῦντας
1263 1285 1329 1356 ὑπ-

176 1389 354 1480 ερηφάνως
369 1387 406 1454 τὸ
425 1394 456 1455 Γ
452 1387 554 1454 ridicu
577 1386 703 1466 εὐθὺς
726 1387 981 1457 ἐπέπλευσεν
998 1383 1143 1468 ἀστοῖς
1165 1385 1203 1458 οὗ
1218 1415 1328 1477 προσ-

176 1494 335 1571 δοκῶσιν,
365 1484 434 1556 ἇλλ)
461 1488 686 1572 ἐκλελυμένοις
713 1489 770 1556 διὰ
792 1489 852 1580 τὴν
873 1498 966 1580 νίκην
993 1495 1113 1572 elucet,
1143 1515 1160 1560 e
1193 1497 1329 1562 statione

179 1597 307 1665 occulta
328 1595 399 1678 agri
419 1593 535 1678 Argivi
556 1592 718 1676 Gytheum
742 1594 879 1661 navibus
906 1595 1019 1680 rediit,
1050 1597 1137 1681 quod
1166 1617 1244 1663 sane
1266 1617 1330 1664 non

178 1700 352 1784 potuisset,
385 1698 412 1762 si
445 1696 559 1761 Patras
593 1697 798 1780 confugisset.
842 1698 895 1763 Ad
928 1700 1059 1781 planum
1093 1705 1199 1766 autem
1234 1707 1330 1783 atque

175 1801 356 1887 professum
378 1797 565 1882 producitur
587 1797 670 1865 haec
683 1800 851 1882 sententia,
875 1820 946 1866 curn
961 1801 1152 1883 respicimus
1175 1821 1224 1883 ea,
1248 1821 1331 1884 quae

179 1901 283 1968 Nabis
305 1899 390 1966 iecit
435 1898 498 1965 Hie
525 1899 611 1965 enim
639 1901 735 1966 tertia
762 1908 854 1983 parte
883 1903 1047 1985 copiarum
1076 1924 1096 1969 a
1124 1903 1244 1987 Gythei
1275 1906 1330 1969 ob·

175 2005 305 2070 sidione
333 2001 474 2068 abducta
495 2002 538 2067 ad
561 2002 668 2069 Pleias
691 2003 799 2085 posuit
820 2010 925 2069 castra
947 2003 1072 2069 scilicet
1100 2011 1135 2069 ut
1164 2011 1331 2073 terrestres

177 2107 285 2173 aditus
307 2104 351 2169 ad
373 2102 536 2186 Gytheum
559 2103 724 2170 clauderet
745 2104 765 2167 i.
783 2124 810 2169 e.
834 2110 869 2169 ut
892 2105 1072 2187 impediret,
1095 2125 1136 2170 ne
1159 2106 1332 2189 Philopoe-

179 2228 253 2274 men
275 2227 334 2289 per
354 2205 529 2272 Laconiam
550 2207 593 2270 ab
616 2227 673 2272 ora
688 2208 849 2272 maritima
871 2207 915 2273 ad
937 2207 1014 2272 solis
1038 2214 1140 2273 ortum
1163 2215 1330 2291 spectante

176 2311 219 2376 ad
240 2309 403 2391 Gytheum
428 2308 537 2389 copias
560 2307 701 2374 duceret.

265 2410 389 2489 Quibus
418 2411 460 2474 dc
489 2410 594 2475 causis
623 2410 780 2476 assentior
809 2409 965 2496 Ruehlio‚
994 2411 1048 2493 qui
1080 2411 1111 2485 (l.
1128 2412 1148 2476 l.
1170 2431 1202 2494 p.
1220 2413 1260 2474 34
1272 2415 1333 2495 sq.)

179 2513 383 2582 scribendum
398 2512 566 2594 proposuit
578 2505 757 2579 ‘Prasias
772 2520 936 2578 ventum
954 2504 1032 2594 est',
1049 2532 1144 2595 quam
1162 2515 1332 2581 stationem

181 2618 251 2699 agri
273 2615 388 2698 Argivi
409 2614 508 2680 fuisse
532 2632 550 2678 c
572 2612 709 2696 Polybio
732 2614 786 2679 IV.
810 2617 860 2680 36.
885 2619 904 2678 5
927 2616 1126 2698 coniecto¹);
1156 2636 1230 2682 nam
1252 2615 1332 2683 fines

180 2718 294 2800 Argivi
324 2723 391 2782 tum
420 2725 511 2780 eraut
533 2735 630 2799 supra
652 2716 807 2782 Zaraoem
831 2717 985 2800 oppidum
1015 2718 1049 2783 in
1071 2717 1232 2784 Hieracon
1261 2739 1332 2803 pro·

182 2819 332 2885 munturii
355 2818 545 2901 paeninsula
556 2819 593 2896 ⁸²).
638 2818 674 2882 In
698 2817 780 2884 hane
810 2821 979 2884 stationem
1002 2821 1160 2885 occultam
1182 2841 1202 2884 a
1224 2820 1332 2886 Philo·

173 2928 337 3006 poemene
357 2921 490 3002 navigia
512 2939 614 3002 parva
637 2927 800 2986 contracta
823 2939 894 2986 esse
922 2920 1075 3004 arbitror,
1106 2927 1141 2986 ut
1169 2924 1333 3005 externplo

182 3031 292 3090 conha
313 3027 482 3103 tyranuum
504 3041 644 3105 pugnam
667 3023 798 3088 iteraret
820 3022 968 3089 nimirum
991 3023 1128 3087 navibus
1157 3024 1223 3088 suis
1246 3021 1334 3089 haud

181 3126 298 3205 multis,
322 3144 406 3206 quae
429 3123 606 3206 effugerant
622 3125 759 3207 cladem,
782 3124 937 3190 immixtis
952 3125 1035 3190 aliis.
1075 3125 1123 3188 De
1140 3144 1203 3208 quo
1225 3133 1333 3192 autem

184 3234 277 3312 portu
306 3225 512 3307 cogitandum
546 3228 603 3310 sit,
637 3227 716 3292 mihi
739 3227 871 3309 quidem
901 3247 965 3293 non
987 3228 1173 3310 ambiguum
1196 3228 1333 3295 videtur.

179 3322 293 3394 ‘Nabis
316 3329 410 3392 tertia
432 3335 523 3411 parte
547 3331 710 3412 copiarum
733 3330 775 3393 ab
799 3329 966 3396 obsidione
989 3329 1110 3411 Gythei
1131 3329 1271 3395 abducta
1293 3333 1335 3396 ad
1391 3327 1393 3332 ’

183 3430 291 3495 Pleias
313 3432 421 3512 posuit
449 3440 568 3496 casua:
602 3432 745 3496 imminet
778 3433 805 3496 is
835 3432 925 3498 locus
954 3436 986 3496 et
1013 3432 1129 3496 Leucis
1159 3439 1191 3497 et
1219 3435 1335 3515 Acriis,

187 3550 251 3613 qua
262 3529 452 3595 videbantur
464 3531 573 3598 hostes
585 3534 761 3598 exercitum
773 3525 953 3617 admoturi,
965 3532 1131 3599 aitLivius
1143 3554 1170 3598 c.
1184 3536 1233 3598 27.
1248 3535 1334 3617 tuq„

183 3631 268 3698 unde
291 3636 380 3714 patet
400 3633 507 3698 Nabin
531 3636 632 3717 copiis
655 3636 719 3701 illis
748 3654 822 3700 suos
845 3635 927 3700 tueri
955 3635 1096 3700 voluisse
1119 3636 1160 3699 ab
1184 3634 1333 3716 Achaeis,

184 3753 264 3816 quos
296 3751 355 3815 per
384 3734 492 3800 Pleias
515 3735 677 3818 Gytheum
712 3737 868 3818 petituros
902 3755 972 3801 esse
1004 3755 1025 3798 a
1058 3735 1178 3829 Zarace
1212 3737 1334 3820 oppido

182 3889 385 3900 ———-—

268 3989 290 4050 t)
310 3983 359 4039 eir.
379 3987 546 4055 Stephanum
565 3989 725 4057 Byzantium
744 4004 765 4040 s.
779 4005 803 4042 ν.
824 3989 964 4060 Πρασιαί;
983 3994 1096 4042 vocatur
1112 3989 1193 4041 etiam
1214 3992 1335 4057 Βρασιαὶ

182 4085 199 4124 a
216 4069 352 4124 Pausania
369 4071 417 4125 lll.
437 4076 478 4126 21.
498 4077 512 4126 ³
532 4077 558 4126 ct
577 4077 617 4127 21.
638 4078 661 4127 t.

266 4158 292 4218 2)
311 4154 360 4210 ct'r.
380 4139 507 4211 Curtium
523 4157 731 4228 Peloponnesos.
751 4157 858 4211 Gothao
877 4165 940 4211 tom.
960 4157 995 4210 ll.
1017 4161 1082 4210 1852
1100 4174 1125 4225 p.
1146 4161 1203 4211 376.
