3344 5008
798 383 1055 444 236-

366 567 470 631 neque
492 548 539 613 illi
563 549 717 632 paruisse.
763 549 875 632 Neque
906 551 1012 636 obest,
1042 551 1130 633 quod
1163 553 1289 618 liberos
1314 559 1346 618 et
1366 553 1524 619 immunes

366 649 501 717 Ilienses
534 651 634 717 fnisse
664 651 751 717 hello
780 650 973 718 Antiochino
1007 655 1152 720 confecto
1185 655 1312 720 scimus.
1357 654 1393 719 lu
1428 655 1520 738 pacIs
1650 669 1651 700 l

370 751 613 819 condicionibus
644 754 720 818 anni
753 755 812 817 188
842 774 870 819 a.
895 754 968 820 Ohr.
992 776 1033 839 n.,
1064 774 1148 840 quae
1181 757 1259 822 satis
1291 757 1469 823 luculenter
1502 778 1523 822 a
1650 751 1651 790 l

368 854 505 938 Polybio
521 856 611 922 XXI.
628 859 669 918 45
683 875 751 939 sqq.
778 862 990 941 exponuntur,
1013 857 1056 923 ad
1070 858 1166 924 Ilium
1182 860 1304 944 urbem,
1328 879 1522 945 quamquam

368 976 431 1022 non
454 959 651 1044 nominatur,
682 959 803 1042 optimo
827 957 894 1023 inre
918 960 1037 1025 referre
1058 961 1135 1026 licet
1157 962 1258 1027 verba
1278 964 1341 1038 (48.
1366 964 1413 1036 hl:
1443 949 1523 1025 ὅσαι
1650 973 1651 1024 t

367 1057 428 1140 μὲν
458 1062 525 1124 τῶν
561 1051 753 1142 αὐτονόμων
788 1056 920 1126 πόλεων
954 1059 1119 1148 πρότερον
1153 1056 1333 1127 ὑπετέλουν
1362 1055 1522 1146 Ἀντιόχῳ
1650 1121 1651 1144 ,

371 1159 487 1246 φόρον,
510 1159 588 1227 τότε
611 1161 646 1227 δὲ·
663 1153 865 1247 διεφύλαξαν
881 1159 940 1244 τὴν
956 1159 1042 1246 πρὸς
1055 1159 1234 1247 Ῥωμαίους
1249 1169 1375 1245 πίστιν,
1398 1163 1523 1241 ταύτας
1650 1153 1651 1196 3

370 1263 431 1345 μὲν
462 1255 634 1330 ἀπέλυσαν
664 1266 730 1330 τῶν
760 1261 875 1349 φόρων
905 1266 971 1340 (cfr.
995 1266 1066 1332 Liv.
1089 1267 1274 1334 XXXVIII.
1299 1272 1348 1335 39.
1374 1273 1408 1331 7:
1438 1288 1521 1352 quae

370 1367 601 1450 stipendiariae
631 1369 699 1452 regi
729 1364 888 1432 Antiocho
916 1368 1043 1436 fueraut
1071 1377 1103 1436 et
1132 1390 1203 1436 cum
1232 1372 1352 1456 populo
1376 1371 1521 1437 Romano

370 1477 546 1556 senserant,
569 1471 609 1538 iis
632 1471 863 1536 immunitatem
886 1469 1064 1549 dederunt).
1102 1473 1217 1556 ltaque
1239 1473 1326 1556 quod
1349 1493 1433 1541 anno
1461 1475 1521 1537 196
1650 1493 1651 1496 ¹

368 1595 397 1639 a.
421 1572 494 1640 (lhr.
518 1595 548 1638 n.
572 1574 613 1638 ab
642 1571 801 1638 Antiocho
831 1591 925 1656 rege,
960 1593 1031 1639 cum
1059 1594 1118 1659 per
1147 1576 1257 1642 Asiam
1288 1575 1320 1640 in
1348 1575 1522 1642 Thraciam

366 1674 636 1759 proficisceretur,
668 1681 887 1757 oppugnatum
916 1677 1025 1760 annis,
1056 1679 1111 1762 qni
1142 1679 1375 1760 sequebantur,
1406 1677 1522 1760 Syriae

367 1777 435 1860 regi
458 1777 577 1842 tributa
599 1776 733 1842 sontum
755 1776 821 1849 (cfr.
839 1777 909 1842 mv.
926 1777 1061 1845 xxxv.
1078 1783 1128 1845 ua
1147 1778 1190 1862 a.)
1212 1787 1243 1846 α
1258 1779 1345 1863 quon
1360 1778 1521 1846 Antiocho
1650 1759 1651 1782 ¹

367 1879 437 1962 regi
472 1879 577 1944 fuerat
606 1876 847 1962 stipendiarium
881 1879 1089 1964 Romanoque
1129 1903 1200 1947 oum
1228 1883 1348 1966 populo
1377 1887 1523 1948 senserat
1650 1877 1651 1890 ¹

368 1981 436 2060 (cfr.
459 1981 529 2046 Liv.
545 1977 712 2046 XXXVII.
731 1982 792 2064 37),
815 2002 899 2047 anno
926 1983 984 2046 188
1008 2003 1036 2047 a.
1054 1983 1127 2049 (lhr.
1152 2005 1181 2048 n.
1205 1985 1385 2050 libertatem
1407 1984 1521 2048 immu-

368 2085 564 2166 nitatemque
599 2082 703 2148 denuo
737 2085 872 2167 aceepit.
917 2084 1051 2151 Ilienses
1087 2087 1189 2171 enim,
1230 2088 1257 2154 si
1290 2093 1365 2152 ante
1400 2084 1521 2150 bellum

367 2186 497 2270 Syrium
519 2186 628 2252 Attalo
652 2191 683 2251 et
706 2185 842 2251 Eumeni
866 2186 1027 2271 stipendia
1049 2188 1287 2272 pependissent,
1311 2195 1384 2273 post
1406 2189 1521 2253 initam

367 2309 480 2373 pacem
504 2308 566 2354 uon
589 2289 746 2354 immunes
775 2294 882 2354 essent
909 2289 995 2355 facti.
1041 2290 1236 2358 Decreverat
1265 2291 1351 2358 enim
1380 2296 1522 2374 senatus,

370 2400 405 2458 ut
424 2392 524 2457 Asiae
548 2391 711 2474 civitates,
736 2407 819 2471 quae
843 2389 942 2456 Attali
966 2392 1195 2475 stipendiariae
1217 2395 1361 2478 fuissent,
1385 2394 1522 2459 Eumeni

367 2495 437 2577 regi
460 2491 602 2575 vectigal
623 2490 816 2576 penderent,
841 2499 873 2559 et
895 2513 978 2577 quae
1001 2493 1152 2562 Antiochi
1174 2496 1351 2580 vectigales
1374 2496 1521 2579 fuissent,

369 2595 527 2661 immunes
558 2602 665 2660 essent
691 2599 788 2676 atque
817 2596 939 2663 liberae
969 2598 1035 2674 (cir.
1059 2598 1172 2681 Polyb.
1195 2598 1285 2664 XXI.
1310 2602 1360 2665 24.
1384 2600 1418 2682 8,
1449 2598 1521 2664 Liv.
1650 2597 1651 2630 ³

367 2697 535 2764 XXXVII.
571 2699 620 2761 55.
654 2696 695 2779 6),
724 2716 763 2762 ao
802 2697 859 2765 Gn.
889 2699 1026 2767 Manlius
1055 2699 1230 2784 decemque
1266 2702 1366 2784 legati
1404 2702 1522 2768 consti·

368 2805 509 2883 tuerant,
539 2805 573 2865 ut
595 2817 679 2882 qnae
700 2799 930 2884 stipendiariae
953 2803 1022 2887 regi
1045 2803 1204 2870 Antiocho
1227 2805 1361 2871 fuissent
1384 2805 1520 2888 populo

370 2924 432 2988 que
455 2923 526 2969 oum
543 2903 686 2968 Romano
710 2905 893 2989 sensissent,
917 2906 1149 2972 immunitatem
1176 2908 1360 2990 acciperent
1382 2913 1414 2972 et
1436 2926 1519 2991 quae

367 3007 505 3090 partium
528 3002 679 3070 Antiochi
701 3011 757 3070 aut
779 3006 1009 3092 stipendiariae
1031 3008 1131 3074 Attali
1154 3009 1304 3091 fuissent,
1327 3029 1386 3076 eae
1409 3029 1520 3076 omnes
1650 2993 1651 3050 s

368 3109 543 3192 vectigalia
576 3107 712 3172 Eumeni
744 3110 813 3190 regi
842 3110 1019 3193 penderent
1051 3111 1118 3184 (cir.
1149 3111 1263 3194 Polyb.
1286 3111 1375 3176 XXI.
1407 3112 1457 3176 48.
1488 3113 1518 3194 l,

366 3211 437 3276 Liv.
472 3208 655 3275 XXXVIII.
691 3211 741 3273 39.
776 3212 900 3293 7sqq.).
951 3212 1087 3278 Tributa
1119 3213 1215 3296 igitur
1247 3212 1381 3280 Ilienses
1414 3233 1520 3297 neque
1650 3287 1651 3316 ᾖ

368 3312 478 3379 Attalo
507 3331 611 3395 neque
636 3311 770 3376 Eumeni
793 3319 867 3379 ante
897 3313 1015 3379 bellum
1038 3314 1263 3382 Antiochinum
1286 3316 1519 3401 pependerunt,

367 3415 425 3483 sed
448 3420 538 3482 erant
559 3413 653 3480 liberi
675 3416 907 3499 immunesque,
931 3417 1117 3502 priusquam
1140 3420 1173 3484 in
1188 3417 1341 3485 Antiochi
1363 3419 1449 3502 regis
1471 3419 1519 3486 di·
1650 3403 1651 3480 l

367 3520 491 3586 cionem
515 3522 678 3583 venerunt.

453 3620 519 3687 Sed
541 3624 649 3702 restat,
672 3626 707 3686 ut
729 3628 922 3707 exponatur,
946 3622 1025 3704 quid
1048 3622 1089 3689 de
1111 3624 1205 3691 Livio
1228 3645 1432 3708 censeamus,
1462 3627 1519 3707 qui
1650 3619 1651 3666 3

369 3725 391 3790 l.
413 3721 597 3788 XXXVIII.
623 3725 672 3789 39.
698 3725 799 3807 8sqq.
832 3724 912 3792 haee
944 3724 987 3790 ad
1020 3725 1113 3791 Ilium
1148 3728 1328 3811 spectantia
1362 3727 1394 3792 iu
1427 3729 1518 3811 pacis

368 3830 457 3909 leges
476 3825 614 3910 recepit:
637 3827 872 3892 nominatim
895 3834 1112 3911 praeterea
1138 3829 1427 3914 Colophoniis,
1451 3832 1519 3912 qui

367 3931 405 3994 in
428 3928 550 3994 Notio
574 3925 781 4014 habitant,
805 3936 844 3995 et
866 3928 1052 4014 (lymaeis
1076 3937 1114 3996 et
1136 3933 1359 4016 Mylasenis
1383 3933 1519 3998 immu-

368 4033 538 4098 nitatem
560 4039 867 4116 ooncesserunt;
891 4032 1165 4102 Clazomeniis
1187 4054 1310 4118 super
1331 4037 1518 4101 immuni·

368 4141 491 4201 tatem
525 4139 563 4198 et
597 4134 855 4218 Drymussam
889 4136 1060 4203 insulam
1094 4138 1197 4204 dono
1230 4137 1445 4220 dederunt,
1480 4145 1520 4204 et
