3308 5000
642 415 855 474 ..55-

169 575 445 642 Lacedaemonios
478 578 597 644 invitos
630 599 745 662 cogere
779 582 883 662 potuit
912 582 1068 648 voluntati
1102 584 1325 667 obtemperare

169 675 388 762 Achaeorum,
411 680 468 761 qui
490 678 621 745 foedere
643 699 716 746 cum
739 683 891 750 Romanis
920 685 1080 750 coniuncti
1110 691 1211 752 crant.
1259 687 1322 754 Res

171 796 242 843 cum
265 779 312 844 ita
334 799 369 847 se
392 779 548 863 habeant,
572 780 735 865 Gytheum
750 781 906 868 oppidum
931 786 996 850 iam
1012 793 1078 850 tum
1093 784 1216 852 Nabidi
1239 788 1324 854 eius·

171 897 235 962 que
258 881 355 946 sociis
384 887 530 964 ereptum
552 883 651 950 luisse
674 893 768 968 puto,
796 885 855 950 sed
878 885 965 952 unde
995 887 1121 952 venerit
1144 889 1182 952 A.
1206 889 1325 955 Atilius

171 981 204 1047 in
226 981 335 1048 medio
364 989 413 1050 est
442 984 702 1067 relinquendum,
733 985 883 1068 quoniam
914 986 1027 1054 harum
1056 1007 1161 1056 rerum
1190 991 1325 1058 scientia

170 1089 220 1148 est
241 1085 438 1151 tenuissima.

256 1185 321 1250 Sed
344 1188 531 1272 priusquam
553 1207 727 1271 persequar
742 1189 888 1270 Liviana,
919 1223 949 1232 -
977 1191 1060 1256 infra
1082 1193 1168 1257 euim
1183 1199 1326 1258 revertar

170 1284 215 1350 ad
241 1286 301 1352 illa
322 1321 360 1332 -
386 1309 438 1357 res
468 1289 554 1356 bello
581 1297 689 1372 gestas
719 1291 937 1375 perlustrabo,
961 1311 1041 1375 quas
1070 1292 1260 1360 Plutarchus
1294 1300 1326 1360 et

170 1388 349 1457 Pausanias
382 1391 601 1475 prodiderunt.
646 1389 787 1468 Quorum
819 1392 996 1459 Pausanias
1027 1394 1111 1460 Vlll.
1143 1399 1184 1459 50
1218 1405 1326 1460 narrat

171 1491 345 1574 Romanos,
369 1511 440 1558 cum
463 1493 696 1576 Philopoemen
718 1513 759 1559 ex
781 1493 886 1559 insula
902 1493 998 1561 Creta
1018 1497 1052 1561 in
1068 1497 1326 1579 Peloponnesum

174 1590 310 1673 rediret,
341 1592 462 1660 Nabidi
492 1595 610 1661 bellum
639 1595 785 1661 intulisse
818 1600 932 1677 atque,
967 1618 1038 1663 cum
1060 1599 1197 1665 Romani
1225 1619 1326 1666 naves

171 1693 376 1778 adornarent,
399 1693 663 1780 Philopoemena,
687 1697 743 1778 qui
763 1703 839 1762 tunc
861 1707 947 1765 esset
961 1700 1163 1768 Achaeorum
1187 1708 1325 1785 praetor,

174 1796 387 1862 libentissimo
410 1798 519 1864 animo
541 1797 584 1862 ad
607 1803 730 1880 partem
753 1799 830 1864 belli
854 1803 1085 1883 capessendam
1109 1822 1144 1868 se
1160 1822 1324 1886 compara·

172 1898 268 1964 visse.
313 1895 379 1963 Sed
402 1919 474 1964 cum
496 1900 530 1965 in
552 1918 588 1965 re
609 1900 718 1965 navali
747 1899 836 1965 rudis
866 1909 969 1985 esset,
998 1904 1161 1969 triremem
1183 1905 1248 1969 iam
1271 1924 1326 1970 ve

172 2005 290 2065 tustate
313 1998 510 2066 dilabentem
532 2020 605 2066 eum
621 2001 816 2082 ascendisse,
839 2007 874 2066 nt
888 2003 1104 2069 Romanorum
1127 2007 1326 2088 aliorumque

172 2101 332 2166 sociorum
366 2103 491 2168 animos
525 2103 682 2168 memoria
711 2103 832 2168 subiret
860 2104 1029 2170 verborum
1066 2106 1208 2191 illorum,
1243 2127 1326 2190 quae

173 2201 332 2268 Homerus
366 2203 407 2268 de
440 2205 602 2271 Arcadum
637 2204 806 2270 inscientia
844 2224 950 2270 rerum
992 2207 1156 2273 navalium
1188 2209 1325 2275 lecisset.

174 2303 271 2370 Haud
294 2304 402 2370 multis
425 2305 540 2373 diebus
562 2311 636 2391 post
658 2325 799 2388 pugnam
823 2309 972 2373 navalem
999 2327 1072 2373 eum
1094 2327 1166 2374 cum
1195 2312 1326 2376 armatis

173 2413 267 2474 nocte
291 2408 385 2472 illuni
406 2406 448 2472 ad
464 2406 627 2492 Gytheum
648 2427 852 2491 progressum
870 2408 1200 2476 Lacedaemoniorum
1223 2419 1328 2479 castra

173 2508 424 2576 inflammavisse
439 2518 535 2593 atque
551 2509 668 2592 Nabin,
685 2529 706 2574 a
721 2528 784 2592 quo
807 2511 1044 2578 circumventus
1061 2520 1156 2595 esset,
1179 2522 1328 2596 quaerat

173 2614 290 2677 virtute
311 2612 528 2694 imperatoria,
549 2613 621 2678 loco
644 2617 882 2695 peropportuno
900 2621 1056 2698 occupato
1079 2635 1198 2697 magna
1219 2623 1327 2683 tamen

176 2733 247 2780 cum
272 2713 409 2778 militum
432 2714 524 2781 clade
548 2717 581 2780 in
603 2713 713 2795 fugam
738 2715 882 2780 vertisse.
913 2716 1099 2798 Tyrannum
1115 2724 1232 2799 autem,
1256 2739 1328 2785 cum

172 2835 194 2880 a
215 2816 367 2881 Romanis
389 2816 423 2880 in
445 2822 571 2899 tempus
594 2821 714 2883 certum
745 2816 885 2882 indutias
914 2819 1167 2901 impetravisset,
1190 2840 1211 2883 a
1233 2819 1326 2902 Galy-

176 2917 273 2982 dcuio
289 2917 438 3000 quodam,
462 2918 517 3000 qui
540 2917 649 3001 specie
672 2916 811 2982 foederis
834 2937 868 2983 re
890 2937 968 2984 vera
990 2920 1031 2984 ab
1045 2920 1171 2985 Aetolis
1194 2921 1327 2988 infensis

173 3019 288 3084 animis
311 3018 349 3086 in,
366 3024 535 3101 tyrannum
553 3026 637 3085 esset
653 3020 778 3098 missus,
803 3018 1025 3086 obtruncatum
1040 3040 1122 3102 csse,
1138 3022 1326 3104 priusquam

174 3121 368 3185 indutiarum
399 3119 469 3186 dies
498 3121 747 3204 praeteriissent.
794 3118 916 3208 Quibus
950 3122 1043 3187 factis
1073 3121 1329 3206 Philopoemena

176 3221 453 3288 Lacedaemonem
481 3222 659 3306 protectum
687 3222 805 3288 invitos
833 3223 1110 3289 Lacedaemonios
1140 3224 1182 3289 ad
1212 3225 1326 3292 foedus

175 3343 247 3390 cum
270 3322 409 3389 Achaeis
431 3321 674 3408 percutiendum
697 3325 852 3407 coegisse.

262 3424 311 3490 hlx
335 3424 423 3490 hisce
445 3426 626 3491 Pausaniae
648 3426 845 3508 intellegitur
859 3428 1022 3493 Romanos
1038 3427 1158 3492 Nabidi
1181 3427 1323 3495 indutias

175 3527 322 3610 dedisse,
345 3529 428 3593 inter
450 3547 530 3610 quas
554 3528 610 3592 ille
637 3527 777 3592 nondum
801 3530 972 3594 constituta
1000 3548 1081 3610 pace
1109 3536 1240 3596 necatus
1269 3538 1327 3596 est.

175 3629 329 3694 Minorem
352 3628 449 3694 fidem
473 3629 639 3694 habuerim
655 3630 835 3697 Pausaniae
858 3631 999 3697 narranti
1015 3629 1054 3710 (c.
1071 3632 1121 3693 50.
1139 3632 1171 3702 7)
1185 3628 1327 3696 adfuisse

175 3732 338 3798 Romanos
366 3732 513 3814 aliosque
544 3731 665 3814 socios,
700 3753 771 3798 cum
799 3731 1033 3815 Philopoemen
1063 3738 1205 3797 veterem
1238 3733 1328 3796 illam

177 3835 337 3899 triremem
366 3833 611 3915 conscenderet,
635 3854 715 3917 quo,
749 3836 811 3902 nisi
846 3840 952 3900 essent
985 3832 1084 3898 verba
1117 3835 1204 3898 omni
1232 3834 1328 3900 modo

175 3940 340 4017 exornata,
364 3936 516 4001 Eumenis
538 3937 721 4018 praesentia
744 3937 873 4020 probari
896 3943 1014 4020 posset.

212 4107 216 4116 ,
261 4038 423 4104 Romanos
446 4045 553 4104 autem
584 4037 670 4102 bello
700 4038 782 4102 iuter
804 4039 952 4104 Achaeos
982 4044 1014 4101 et
1036 4036 1143 4102 Nabin
1173 4043 1263 4120 gesto
1293 4057 1328 4104 se

180 4139 408 4223 interposuisse
423 4141 607 4222 nuperrime
622 4139 659 4204 F.
676 4139 780 4204 Ruehl
796 4140 828 4217 (l.
845 4142 865 4205 l.
881 4160 912 4222 p.
930 4141 970 4205 33
984 4141 1067 4222 sqq.)
1081 4138 1329 4222 diligentissime
