3308 5000
621 400 835 464 ..81-

150 575 313 637 utcrentur
343 575 376 636 ct
403 575 575 639 accusante
603 569 726 636 Leonte
756 567 896 652 quodam
924 567 1165 652 Appollodorus
1194 574 1305 636 auctor

149 671 340 739 deiectionis
369 669 537 738 damnatus
566 671 600 737 iu
629 671 764 737 exilium
793 671 951 738 eiceretur
980 669 1050 752 (cir.
1073 670 1145 736 Lis.
1168 669 1304 738 XXXV.

149 778 199 838 50.
223 773 265 852 4).

235 975 390 1043 Eiusdem
417 975 493 1041 anui
522 979 675 1041 autumno
697 975 766 1053 (cfr.
789 973 861 1042 Lis.
884 975 1020 1042 XXXV.
1044 979 1095 1040 41.
1115 980 1141 1040 1.
1165 979 1198 1050 ct
1220 994 1247 1042 c.
1265 979 1305 1039 44

150 1080 265 1162 3sqq.)
280 1079 302 1156 ¹)
329 1076 508 1143 Antiochus
537 1095 595 1142 rex
622 1077 759 1143 classem
793 1078 919 1161 appulit
951 1078 995 1145 ad
1023 1077 1187 1160 Pteleum,
1221 1076 1306 1144 unde

149 1179 369 1246 Demetriadis
397 1181 431 1246 in
459 1185 586 1265 portum
614 1178 791 1262 navigavit.
841 1178 949 1263 Atque
975 1186 1146 1264 postquam
1173 1178 1306 1246 Lamiae

149 1283 338 1350 Aetolorum
367 1281 505 1348 concilio
535 1279 694 1361 interluit,
730 1299 802 1346 oum
832 1281 922 1348 millo
952 1282 1107 1350 militibus
1129 1283 1307 1365 paucisque

148 1384 275 1451 Aetolis
298 1381 487 1450 Chalcidem
521 1381 684 1468 protectus
718 1387 783 1460 cst,
813 1388 848 1449 ut
877 1383 1015 1466 primum
1044 1384 1156 1450 orbem
1190 1382 1308 1450 trustra

149 1485 191 1551 ab
214 1485 340 1552 Aetolis
362 1505 465 1571 nuper
486 1489 676 1568 temptatum
697 1483 938 1566 aggrederetur.
982 1482 1034 1549 Ad
1049 1481 1213 1566 Salganea
1234 1504 1306 1551 cum

150 1587 307 1671 Euripum
329 1587 524 1664 traiecisset,
554 1605 627 1652 cum
648 1584 917 1653 Chalcidensibus
940 1603 1129 1668 congressus
1155 1591 1219 1668 cst,
1249 1584 1309 1652 sed

149 1691 191 1756 iis
213 1690 406 1772 negantibus
428 1707 464 1755 se
486 1687 598 1754 urbem
624 1686 694 1770 regi
723 1685 852 1754 madere
880 1685 1058 1769 foedusque
1086 1687 1201 1773 ferire,
1231 1689 1308 1772 qnia

149 1812 191 1856 ne
222 1791 409 1858 societatem
436 1790 568 1874 quidem
589 1790 688 1857 ullam
711 1807 854 1872 pangere
876 1788 939 1856 sibi
961 1788 1075 1856 liceret
1095 1789 1157 1857 uisi
1180 1810 1223 1861 ex
1245 1791 1308 1858 Ro-

149 1912 317 1960 manorum
340 1893 548 1975 anctoritate,
578 1891 820 1960 Demetriadem
848 1890 959 1974 copias
988 1890 1118 1958 reduxit
1145 1892 1212 1966 (cfr.
1236 1893 1307 1958 Lis.

149 1993 287 2060 XXXV.
312 1997 352 2060 46
365 1996 435 2078 sq).

236 2095 332 2164 Hand
355 2097 402 2162 ita
423 2098 523 2162 multo
545 2102 619 2182 post
640 2095 735 2177 Aegii
760 2094 931 2161 concilium
945 2092 1123 2160 Achaicum
1146 2103 1195 2162 est
1218 2096 1308 2163 habi·

149 2205 236 2279 tum,
265 2199 299 2263 in
322 2218 385 2282 quo
408 2197 532 2266 Achaei
554 2197 605 2283 id,
636 2196 723 2280 quod
751 2194 903 2263 Antiochi
929 2195 1179 2280 Aetolorumque
1208 2199 1308 2281 legati

152 2297 429 2384 efflagitaverant,
458 2321 522 2368 nou
544 2300 648 2367 solum
670 2319 735 2365 nou
761 2302 965 2382 acceperunt,
988 2315 1099 2364 verum
1123 2300 1220 2365 etiam
1243 2301 1308 2368 illis

150 2402 273 2468 bollum
296 2401 566 2469 denuntiaverunt
593 2421 632 2468 ac
662 2400 777 2483 veriti,
814 2417 855 2466 ne
885 2396 1064 2466 Antiochus
1092 2400 1206 2466 iterum
1236 2421 1308 2469 cum

150 2503 255 2587 copiis
270 2503 337 2570 suis
352 2503 385 2570 in
401 2502 590 2570 Chalcidem
605 2505 759 2587 impetum
775 2501 905 2586 iaceret,
934 2502 1098 2587 extemplo
1115 2504 1308 2587 quingentos

150 2604 271 2671 milites
294 2624 334 2670 eo
356 2606 511 2672 miserunt
533 2613 566 2672 ct
588 2607 779 2688 quingentos
803 2602 958 2687 Athenas,
986 2601 1041 2687 qui
1065 2604 1212 2671 Piraeum
1237 2627 1308 2691 por·

150 2712 219 2772 tum
242 2706 463 2774 defenderent
509 2706 633 2773 Eodem
659 2711 768 2771 autem
798 2709 942 2788 tempore
969 2705 1130 2773 modicum
1152 2709 1310 2774 auxilinm

149 2809 193 2876 ab
215 2807 361 2874 Eumene
384 2808 573 2875 Chalcidem
596 2808 728 2874 missum
756 2825 828 2872 csso
850 2806 963 2873 Livius
985 2806 1121 2872 XXXV.
1139 2811 1188 2873 50.
1206 2814 1308 2893 6sqq‚

150 2911 303 2976 narrarit.
347 2911 455 2994 Atque
484 2931 556 2977 cum
584 2911 618 2976 in
639 2909 757 2974 Piraeo
784 2907 872 2974 illius
900 2927 1000 2974 naves
1023 2914 1090 2974 tum
1113 2909 1147 2973 in
1169 2911 1309 2977 statione

152 3010 349 3078 haberentur
377 3020 411 3078 et
431 3012 576 3080 Athenas
605 3011 773 3095 quingenti
796 3009 920 3076 Achaei
949 3011 1165 3093 mitterentur,
1193 3031 1309 3096 reapse

150 3111 221 3178 lieri
243 3113 364 3196 potuit,
392 3119 428 3179 ut
452 3133 511 3180 rex
541 3134 613 3181 cum
640 3119 732 3198 parte
756 3114 920 3197 copiarum
943 3111 1212 3194 Chalcidensibus
1235 3116 1307 3180 sub·

150 3213 235 3280 sidio
257 3215 390 3281 veniret.
402 3217 426 3293 ²)

239 3314 330 3393 Quae
352 3318 486 3399 auxilia,
509 3335 704 3400 quamquam
718 3313 898 3382 Antiochus
920 3316 1039 3383 certior
1060 3318 1163 3384 factus
1186 3317 1309 3404 hlenip·

151 3438 228 3501 pum
253 3425 286 3484 et
306 3418 534 3502 Polyxenidan
556 3418 769 3502 praemiserat
789 3418 967 3500 paucisque
996 3416 1110 3485 diebus
1138 3427 1212 3503 post
1238 3421 1309 3503 ipse

152 3539 210 3586 sex
233 3519 325 3586 milia
346 3521 484 3587 militum
508 3526 540 3586 et
560 3521 693 3587 Aetolos
716 3539 780 3585 non
803 3520 849 3585 ita
871 3520 988 3585 multos
1012 3520 1177 3604 eduxerat,
1202 3521 1309 3588 Xeno·

152 3620 237 3687 clide
261 3622 343 3690 duee
366 3622 556 3689 Chalcidem
578 3627 802 3706 pervenerunt.
844 3620 957 3704 Neque
988 3640 1064 3686 vero
1085 3622 1214 3687 fortuna
1235 3643 1308 3707 pro·

244 3808 267 3868 1)
287 3804 442 3874 Phaeneas,
458 3805 505 3875 qui
522 3805 585 3862 inde
602 3805 637 3859 ab
656 3811 787 3859 autumno
806 3804 870 3858 anni
891 3807 938 3858 192
956 3810 1100 3872 praeturae
1116 3821 1226 3860 munere
1245 3807 1307 3860 lun·

155 3887 281 3954 gebatur,
298 3893 357 3944 tum
374 3890 531 3944 Aetolorum
550 3895 660 3959 praetor
677 3896 739 3944 erat
756 3889 817 3954 (cir.
836 3889 894 3944 Lis.
912 3888 1026 3946 XXXV.
1044 3894 1146 3958 disq).

239 3978 265 4039 2)
283 3973 509 4030 verisimillimum
521 3982 564 4030 est
575 3975 724 4030 Eumenem
742 3989 805 4028 cnm
816 3973 848 4029 Τ.
862 3973 986 4040 Quinctio
1002 3976 1079 4042 Aegii
1095 3976 1123 4030 iu
1135 3975 1308 4032 Achaeorum

154 4061 289 4114 conventu
300 4065 410 4127 praesto
428 4059 550 4114 adfuisse
563 4069 589 4114 et
601 4062 637 4116 ad
648 4059 834 4114 Romanorum
846 4060 1012 4113 voluntatem
1028 4060 1074 4114 illa
1085 4059 1188 4114 auxilia
1199 4058 1307 4113 Chalci·

152 4143 212 4196 dem
230 4141 346 4196 misisse.

202 4235 361 4280 bieischlrs.
1123 4232 1139 4281 6
