3344 5008
678 383 890 447 -29..

207 547 287 631 Syll.
303 568 355 615 no.
372 547 449 632 221)
471 551 704 634 cognoscimus.
743 550 951 617 Plehiseitnm
973 555 1092 634 sutem,
1116 571 1179 633 quo
1195 549 1357 616 Philetae-

204 670 260 717 rus
271 652 435 718 civitatem
451 652 536 719 dono
551 654 687 738 eooepit,
701 660 750 720 ost
764 659 988 720 conservatum
1005 653 1073 728 (eir.
1085 651 1121 718 O.
1137 652 1161 717 Ι.
1173 654 1212 718 A.
1228 659 1303 718 tom.
1316 651 1358 716 11.

206 774 258 819 no.
276 753 349 836 435)
371 775 476 839 neque
499 776 577 822 vero
592 755 757 823 Koehlero
778 757 946 835 assentior,
969 755 1024 837 qni
1046 756 1204 822 nonsatis
1226 774 1356 839 persuu-

206 876 277 922 snm
292 858 355 922 sihi
371 877 444 924 esse
458 857 624 943 profitetur
635 857 799 924 decretum
814 859 848 923 in
860 857 1036 923 Philetaeri
1049 855 1202 924 honorem
1214 858 1360 922 Eumene

205 978 284 1042 rege
313 960 478 1026 etiamtum
507 962 680 1045 superstite
712 961 830 1026 foetum
858 981 939 1027 esse.
983 961 1028 1025 At
1048 959 1267 1026 Philetaornm
1294 979 1359 1025 non

206 1063 404 1145 superfuisse
424 1065 562 1131 Eumeni
585 1065 664 1148 regi,
688 1062 747 1130 sed
769 1063 862 1129 brevi
883 1070 957 1148 post
979 1083 1097 1130 anunm
1116 1066 1172 1127 171
1191 1084 1221 1127 a.
1236 1061 1311 1128 Chr.
1328 1083 1358 1126 n.

207 1183 225 1228 e
247 1165 316 1230 vito
337 1164 518 1234 deeessisse
540 1167 749 1251 probavimus
770 1185 875 1249 nequo
898 1166 1021 1248 dubito,
1044 1166 1121 1248 quin
1143 1165 1201 1230 ille
1215 1166 1360 1230 Eumene

207 1266 285 1332 vivo
308 1267 341 1331 in
364 1289 530 1335 nnmerum
553 1271 672 1336 civium
695 1267 941 1336 Atheniensium
964 1269 1006 1335 sit
1027 1269 1157 1352 ascitus,
1181 1288 1253 1334 enm
1275 1286 1359 1332 anno

209 1369 266 1431 181
291 1390 321 1434 n
337 1369 412 1435 Ohr.
428 1393 458 1436 n.
481 1373 617 1438 Romam
640 1393 712 1438 oum
734 1373 844 1438 Attqu
866 1378 901 1437 et
921 1370 1089 1438 Athenaeo
1110 1370 1264 1436 fnanibus
1285 1389 1358 1452 pro·

207 1469 310 1538 foetus
338 1471 475 1539 Athenis
504 1481 650 1541 versutus
679 1495 751 1542 esse
778 1473 928 1540 videntur
956 1476 1023 1552 (etr.
1047 1473 1162 1556 Polyb.
1185 1473 1305 1539 XXIV.
1329 1477 1358 1556 5,

211 1572 306 1639 Dioeh
329 1574 453 1640 XXIX.
477 1578 540 1653 22).

292 1675 406 1743 Frater
427 1679 578 1746 minimus
591 1687 668 1746 natu
683 1679 869 1746 Athenaeus
891 1679 990 1744 etium
1012 1679 1071 1745 sub
1092 1677 1202 1743 Attalo
1218 1678 1259 1742 II.
1283 1697 1360 1762 rege

208 1778 300 1860 vixit,
323 1799 397 1844 nem
420 1801 505 1846 enno
523 1786 582 1848 153
597 1803 627 1847 n
643 1781 718 1848 Chr.
733 1803 764 1847 n.
781 1783 848 1858 (etr.
864 1781 978 1865 Polyb.
995 1781 1151 1846 XXXIIL
1170 1782 1219 1863 13,
1241 1781 1359 1847 Meier:

208 1881 230 1944 l.
247 1881 269 1944 l.
291 1901 324 1964 p.
341 1883 416 1958 405)
439 1903 511 1948 eum
535 1886 698 1968 ootoginte
719 1885 855 1951 navibus
877 1885 971 1951 tentis
993 1885 1025 1949 in
1047 1884 1146 1966 helio,
1168 1882 1256 1965 quod
1271 1884 1360 1948 Atta·

208 1983 259 2066 ΙΙιιι
280 1983 321 2047 II.
345 2004 403 2050 rex
425 2004 497 2050 oum
512 1984 637 2069 Prusia,
660 1986 834 2070 Bithyniae
855 2007 942 2071 rege,
966 1987 1076 2069 gessit,
1099 1987 1131 2050 in
1148 1984 1360 2068 Hellesponto

207 2084 329 2169 oppido
351 2085 566 2171 depopulatus
589 2095 646 2171 est,
669 2109 754 2172 qnee
769 2098 861 2154 erunt
881 2091 912 2154 in
929 2089 1062 2156 Prusiae
1084 2087 1222 2153 dicione.
1261 2085 1359 2151 Brevi

206 2193 314 2252 antem
328 2197 413 2271 post,
429 2197 584 2273 quantum
595 2192 769 2257 oonieotsri
780 2191 866 2274 lieet,
883 2199 933 2257 est
943 2198 1086 2258 mortuns
1097 2195 1184 2257 eerte
1195 2187 1306 2253 Attalo
1318 2187 1359 2251 11.

207 2308 296 2373 roge,
318 2300 504 2375 postquem
527 2294 618 2359 illum
635 2314 699 2360 non
714 2295 837 2361 vixisse
852 2315 963 2361 omues
986 2295 1069 2360 inter
1092 2311 1127 2358 se
1150 2289 1363 2357 consentiunt.
