3344 5008
808 313 1021 376 -22-

227 499 228 502 ’
335 483 600 566 requiescendum
624 488 681 549 est.
728 482 778 547 Ex
801 481 947 548 omnibus
970 502 1048 548 uero
1079 481 1288 563 coniecturis,
1320 504 1405 568 quac
1428 483 1493 550 hac

337 584 378 650 de
400 605 434 653 re
457 586 602 668 prolatae
624 591 714 667 sunt,
741 585 882 650 maxime
912 583 993 650 mihi
1022 584 1142 650 arridet
1170 585 1316 669 Nisseni,
1346 587 1401 670 qui
1422 587 1444 652 l.
1468 588 1491 652 l.

338 708 370 770 p.
398 689 455 752 143
488 687 669 770 suspicatur
698 677 751 750 du
781 678 918 750 οὐκέτι
947 684 1147 768 Μαρκέλλου
1172 685 1341 752 Κλαυδίου
1371 711 1494 772 παρει-

341 786 486 875 ληφότος
514 787 574 878 τὴν
603 787 733 854 ὕπατον
763 779 864 873 ἀρχὴν
891 809 917 854 e.
943 809 972 872 q.
1003 810 1028 856 s.
1079 791 1130 855 Ab
1158 789 1348 857 bisantem
1383 792 1494 860 verbis

342 891 479 958 Liviana
502 894 566 960 cxi
576 900 617 958 tu
639 892 734 958 anni
756 897 791 956 ut
805 889 1091 976 proficiscerentur,
1107 891 1176 959 fieri
1193 913 1256 959 non
1269 895 1413 977 potuisse
1429 915 1494 961 non

341 994 438 1060 credo
463 1015 567 1079 neque
599 995 666 1062 scio
694 1015 734 1059 an
758 993 913 1077 Polybius
935 995 968 1058 in
991 995 1114 1077 verbis,
1145 1015 1228 1078 quae
1250 996 1494 1077 antecedebant,

340 1098 465 1164 locutus
489 1100 530 1164 sit
559 1098 600 1163 de
623 1095 826 1180 Olympiadis
854 1117 938 1161 anno
967 1103 1114 1162 exeunte.
1160 1095 1357 1180 Quocunque
1385 1105 1495 1166 autem

346 1199 442 1266 modo
466 1221 516 1267 res
540 1218 575 1268 se
598 1198 705 1282 habet,
728 1198 814 1282 regis
836 1197 981 1282 Philippi
1005 1200 1128 1282 legatos
1151 1205 1224 1283 post
1246 1219 1389 1267 mensem
1413 1200 1496 1268 Sex·

341 1302 430 1368 tilem
454 1304 590 1369 Romam
612 1301 821 1367 convenisse
843 1302 1026 1386 fortissime,
1050 1308 1084 1366 ut
1107 1300 1186 1366 mihi
1201 1301 1332 1384 quidem
1357 1302 1496 1388 videtur,

343 1411 392 1470 est
413 1404 646 1471 affirmandum.
896 1407 900 1414 '

428 1507 513 1592 Sed,
542 1514 578 1573 ut
605 1510 784 1574 revertatur
817 1507 935 1588 oratio,
970 1504 1055 1571 unde
1082 1507 1229 1589 profecta
1259 1513 1322 1589 cst,
1346 1507 1447 1574 Attali
1468 1509 1497 1574 Ι.

344 1611 431 1693 regis
454 1616 588 1677 mortem
611 1609 742 1690 Livius,
765 1613 934 1693 postquam
963 1626 1015 1673 res
1045 1608 1132 1674 bello
1154 1608 1364 1676 Macedonico
1387 1616 1498 1692 gestas

346 1712 512 1795 exposuit,
547 1712 629 1777 libro
658 1711 812 1776 XXXIII.
844 1713 879 1773 21
919 1710 1098 1794 enarravit,
1130 1730 1266 1794 eamque
1296 1713 1392 1778 etlam
1423 1720 1500 1794 post

346 1812 533 1896 Philippum
556 1834 664 1896 regem
689 1814 731 1880 ad
754 1811 1017 1896 Cynoscephalas
1046 1812 1175 1878 victum.
1221 1811 1312 1890 Quae
1341 1835 1412 1880 cum
1442 1835 1498 1882 se-

347 1915 485 1982 cundum
509 1921 688 2001 temporum
724 1916 867 1981 ordinem
905 1933 1051 1980 narrasse
1085 1915 1245 1998 videatur,
1279 1916 1391 1982 Livius
1425 1917 1499 2000 ipse

346 2018 489 2085 Attalum
519 2037 627 2102 regem
658 2019 699 2084 de
729 2019 796 2083 vita
825 2017 1003 2082 decessisse
1033 2022 1107 2101 post
1136 2017 1294 2100 proelium
1323 2018 1342 2081 i.
1367 2038 1395 2084 e.
1423 2025 1500 2103 post

346 2121 430 2186 Iunii
454 2123 573 2188 mensis
595 2121 719 2188 initium
744 2121 819 2186 anni
844 2123 903 2184 197
927 2139 956 2184 a.
980 2119 1054 2185 Ohr.
1078 2141 1108 2184 n.
1133 2125 1181 2184 est
1202 2125 1346 2184 testatus.

436 2223 526 2289 Illius
561 2230 665 2290 autem
700 2223 854 2308 temporis
888 2242 939 2288 res
973 2221 1118 2287 Rhodias
1150 2221 1247 2306 paulo
1280 2227 1354 2287 ante
1388 2241 1414 2288 c
1446 2225 1499 2288 20.

349 2327 462 2393 Livius
485 2332 672 2408 persecutus
696 2335 753 2392 est.
797 2324 877 2391 Cum
901 2326 987 2391 enim
1011 2323 1172 2406 Antiochi,
1196 2323 1311 2407 Syuae
1333 2325 1428 2409 regis,
1451 2325 1501 2390 le-

349 2429 415 2511 gati
446 2428 478 2491 in
503 2427 701 2494 Rhodiorum
732 2429 879 2494 continue
908 2433 1059 2511 agerent,
1093 2431 1128 2491 nt
1154 2431 1282 2492 vetusta
1310 2427 1380 2492 iura
1413 2427 1501 2494 illins

350 2530 569 2612 maiorumque
593 2549 664 2595 cum
689 2549 728 2594 ea
751 2529 881 2596 civitate
905 2534 1097 2597 renovarent
1119 2535 1151 2594 et
1173 2533 1320 2594 vetarent
1349 2549 1405 2596 cos
1427 2550 1500 2613 per-

348 2635 518 2700 timescere
540 2633 625 2715 regis
648 2631 837 2714 adventum,
867 2629 1014 2698 Rhodum
1038 2633 1069 2696 in
1093 2630 1229 2696 insulam
1259 2633 1402 2698 nuntium
1426 2652 1498 2716 per-

349 2736 477 2802 venisse
506 2735 548 2800 ad
578 2732 839 2818 Cynoscephalas
869 2753 940 2800 esse
970 2734 1176 2800 debellatum.
1228 2732 1351 2810 Quibus
1381 2733 1501 2802 auditis

350 2836 494 2904 Rhodios
518 2837 649 2920 dempto
672 2842 758 2903 metu
780 2857 802 2901 a
823 2834 975 2922 PhiIIppo
997 2857 1089 2920 rege,
1119 2855 1191 2901 cum
1219 2854 1282 2899 non
1312 2855 1392 2920 opus
1415 2843 1503 2904 esset

351 2960 385 3007 se
409 2941 538 3006 obviam
567 2940 613 3006 ire
636 2937 796 3006 Antiocho
826 2939 911 3022 regi,
941 2947 975 3005 ut
1005 2939 1212 3024 impedirent,
1247 2940 1415 3022 quominus
1444 2939 1503 3005 ille

351 3063 423 3108 eum
446 3041 598 3126 Philippo
622 3062 657 3107 se
680 3042 903 3124 conlungeret,
934 3044 1011 3108 satis
1041 3041 1191 3108 habuisse
1220 3042 1401 3107 libertatem
1423 3043 1501 3108 clvi-

352 3150 452 3209 tatum
483 3144 641 3209 sociarum
666 3143 860 3228 Ptolemaei,
883 3144 1024 3228 Aegypti
1047 3145 1146 3228 regis,
1177 3145 1272 3224 tueri,
1301 3142 1343 3208 ad
1366 3163 1445 3227 quas
1469 3145 1502 3209 in

352 3267 442 3315 suam
471 3250 664 3331 potestatem
693 3245 887 3329 redigendas
911 3245 1086 3314 Antiochus
1115 3248 1147 3311 in
1176 3247 1285 3312 Asiam
1317 3253 1401 3312 esset
1427 3265 1502 3328 pro·

352 3354 463 3417 fectus.
502 3349 581 3414 Cum
604 3353 712 3414 autem
735 3348 816 3414 alias
839 3349 961 3414 auxilio
977 3348 1185 3433 adiuvIssent,
1201 3351 1283 3415 alias
1299 3347 1502 3433 providendo

353 3475 392 3520 ac
425 3451 664 3538 praemonendo
698 3457 830 3518 conatus
859 3450 1027 3535 Antiochi,
1061 3452 1134 3518 illos
1168 3451 1316 3535 Cauniis,
1351 3451 1505 3536 MyndiiS,

355 3555 695 3624 Halicarnassensibus
718 3553 899 3638 Samiisque
922 3554 1102 3620 libertatem
1126 3556 1317 3622 servavIsse.

440 3658 588 3724 Eodem
623 3663 804 3738 tempore
834 3658 996 3723 Attalus
1025 3677 1112 3738 rex,
1141 3658 1244 3740 inquit
1265 3657 1377 3722 Liuius
1400 3679 1426 3722 c.
1451 3660 1505 3736 21,

354 3758 1505 3845 aegerabThebisPergamumadvectusmorituraltcro

354 3872 392 3932 et
426 3864 734 3947 septuagesimo
768 3881 890 3945 anno,
924 3881 1006 3927 cum
1041 3868 1229 3945 quattuor
1259 3870 1297 3927 et
1330 3862 1505 3946 quadra·

268 3993 274 4008 ·
354 3969 467 4054 ginta
495 3986 621 4032 annos
650 3970 880 4048 regnasset:
915 3965 1029 4048 quibus
1060 3965 1166 4031 verbis
1195 3967 1264 4032 sine
1293 3965 1390 4032 dubio
1414 3984 1506 4032 enar·

357 4072 457 4154 ravit,
481 4089 563 4153 quae
587 4074 679 4150 gesta
702 4077 774 4134 sunt
797 4075 879 4150 tum,
909 4087 979 4132 cum
1009 4069 1158 4151 apparuit
1179 4067 1373 4135 Antiochum
1396 4087 1509 4151 regem

17 4599 105 4990 t
469 4906 512 4990 .
