3344 5008
652 387 861 448 -35-

259 551 325 618 Sed
357 551 527 620 redeamus
557 553 600 620 ad
630 555 715 638 regis
745 553 985 638 expeditionem
1021 561 1053 621 et
1087 556 1338 652 perpendamus·

174 654 328 738 primum,
358 673 441 736 quae
471 654 554 722 inter
580 654 724 723 Attalum
755 675 864 740 regem
893 657 1078 742 oppidaque
1101 657 1326 743 Lampsacum,
1377 680 1380 686 ·
1450 739 1456 750 .

172 755 407 824 Alexandriam
430 757 602 842 Troadem,
625 757 719 826 Ilium
743 760 959 827 convenerint.
1004 761 1181 828 Deelarant
1196 762 1325 845 Polyhii

172 859 274 950 verba
295 859 333 926 V.
352 861 401 925 78,
419 863 454 926 6:
477 851 636 935 Ἄτταλος
658 857 718 942 μὲν
741 843 798 926 οὖν
821 853 1103 950 ἀποκαταστήσας
1125 861 1201 938 τοίς
1215 859 1325 947 Αἰγο-

172 958 276 1045 σάνας
308 959 356 1037 εἰς
388 958 446 1026 τὸν
465 956 716 1048 Ἑλλήσποντον,
745 964 800 1029 καὶ
832 968 1041 1051 χρηματίσας
1069 949 1326 1052 φιλανθρώπως

170 1069 424 1152 Λαμψακηνοῖς
445 1055 715 1150 Ἀλεξανδρεῦσιν
730 1058 860 1132 Ἰλιεῦσι
884 1064 940 1132 διὰ
957 1063 995 1132 τὸ
1015 1070 1226 1156 τετηρηκέναι
1247 1067 1324 1134 τοὺ-

31 1227 52 1233 -
170 1189 248 1242 τοας
270 1163 328 1252 την
352 1164 439 1251 πρὸς
463 1157 564 1232 αὐτὸν
587 1171 719 1247 πίστιν,
743 1158 930 1257 ἀνεχώρησε
959 1168 1043 1252 μετὰ
1065 1171 1125 1254 της
1154 1167 1325 1252 δυνάμεως

171 1265 219 1343 εἰς
249 1271 428 1353 Πέργαμον
467 1289 519 1336 res
555 1269 712 1354 quasdam
749 1273 935 1340 constitutas
970 1292 1056 1357 esse,
1091 1273 1149 1340 sed
1183 1283 1224 1344 e'x
1258 1276 1324 1343 illis

170 1393 235 1439 non
269 1361 409 1455 elicitur,
453 1378 487 1436 ut
519 1372 724 1450 Buschmann
756 1373 877 1459 aliique
915 1374 1164 1458 contenderunt,
1202 1375 1325 1462 oppida

168 1475 226 1541 illa
255 1475 304 1540 sui
334 1475 412 1541 iuris
445 1475 543 1542 inisse
577 1480 609 1542 et
642 1476 793 1542 tributum
827 1497 966 1544 annuum
998 1477 1107 1546 Attalo
1141 1480 1321 1552 contulisse.

168 1575 283 1660 Neque
313 1577 399 1643 enim
430 1577 523 1662 inde,
556 1577 643 1661 quod
672 1578 899 1664 Lampsaceni,
928 1579 1158 1662 Alexandrini,
1187 1580 1323 1649 Ilienses

167 1680 200 1744 in
234 1677 299 1744 fide
331 1679 431 1745 Attali
461 1687 720 1764 permanserunt,
758 1682 834 1748 ilico
864 1681 1007 1765 seqnitur
1038 1701 1092 1748 eos
1124 1684 1192 1766 regi
1222 1684 1322 1756 fuisse

168 1782 348 1865 subiectos,
376 1781 438 1848 etsi
466 1801 521 1848 eos
552 1782 671 1848 tributa
704 1783 858 1852 iacientes
879 1775 1104 1866 (αὐτονόμους
1132 1785 1243 1854 vocari
1265 1806 1322 1871 po-

166 1885 266 1952 tuisse
300 1884 443 1952 concedo
484 1885 550 1964 (etr.
580 1885 757 1952 Fraenkel:
784 1887 804 1952 l.
827 1887 848 1952 l.
873 1909 903 1973 p.
929 1884 991 1964 X.).
1049 1886 1149 1954 lmmo
1184 1908 1261 1955 vero
1294 1891 1322 1958 si

169 1988 587 2071 spectaverimus-Attalnm
609 1982 894 2072 ’φιλανθρώπως
918 1995 955 2056 ut
975 1989 1021 2056 ait
1044 1989 1215 2074 Polybius,
1242 2015 1322 2076 χρη·
1452 2032 1457 2040 ·

168 2093 358 2171 ματίσαντα
395 2095 643 2175 Λαμψακηνοῖς
676 2080 946 2173 Ἀλεξανδρεῦσιν
984 2082 1148 2156 Ἰλιεῦσιν)
1191 2093 1225 2158 in
1265 2095 1323 2160 illa

171 2191 294 2276 oppida
320 2192 418 2259 ivisse
449 2211 488 2258 eo
518 2192 671 2271 consilio,
705 2200 740 2259 ut
769 2194 893 2260 civibus
922 2194 1043 2277 gratias
1074 2200 1200 2278 ageret,
1234 2195 1320 2279 quod

168 2293 265 2360 fidem
288 2293 516 2379 servavissent,
540 2300 605 2361 tres
635 2295 709 2362 illas
738 2296 885 2362 civitates
914 2316 986 2362 cum
1008 2296 1117 2362 Attalo
1139 2297 1165 2362 Ι.
1189 2297 1320 2365 foedere

169 2397 354 2464 coniunctas
382 2396 483 2464 fnisse
510 2397 702 2480 putabimus.
747 2397 812 2466 Res
841 2399 918 2483 quin
946 2399 993 2464 ita
1014 2418 1049 2466 se
1079 2397 1233 2484 habeant,
1257 2421 1319 2468 non

168 2500 275 2568 sinunt
296 2498 461 2580 dubitare,
491 2517 575 2581 quae
603 2500 723 2566 tradita
744 2507 817 2567 sunt
838 2501 879 2567 ab
908 2502 1059 2586 antiquis.
1105 2501 1275 2570 Iliensibus
1287 2502 1320 2587 ¹),

168 2621 240 2666 cunr
268 2619 352 2668 anno
381 2622 410 2666 a.
429 2600 502 2668 cnr.
526 2623 555 2666 n.
581 2603 642 2666 216
665 2624 685 2670 a
707 2603 928 2688 Gallograecis
957 2604 1228 2687 opprimerentur,
1257 2627 1320 2674 non

169 2703 295 2770 Attalus
317 2721 376 2768 rex
403 2703 527 2770 auxilio
550 2705 653 2788 venit,
684 2726 779 2788 quem
811 2707 897 2789 urbi,
931 2705 958 2772 si
989 2707 1021 2772 in
1053 2707 1121 2772 eius
1150 2708 1319 2791 imperium

168 2806 328 2889 cessisset,
351 2807 507 2872 auxilinm
529 2807 693 2892 extemplo
725 2808 861 2874 laturum
890 2807 988 2874 luisse
1018 2827 1111 2872 nemo
1134 2809 1210 2892 erit,
1242 2811 1319 2893 quin

167 2907 335 2988 infitietur,
369 2908 426 2974 sed
455 2909 669 2976 Alexandrini
702 2915 799 2992 atque
834 2929 889 2976 eos
923 2909 1066 2993 periculo
1100 2911 1320 2978 liberaverunt

167 3013 237 3090 (cir.
262 3011 375 3095 Polyb.
393 3011 429 3078 V.
456 3014 537 3090 111).
582 3011 675 3077 Anno
698 3017 805 3078 antem
830 3013 891 3075 205
914 3032 942 3078 a.
960 3010 1035 3078 Ghr.
1051 3033 1081 3077 n.
1103 3019 1177 3095 post
1198 3012 1317 3080 bellum

166 3113 425 3196 Macedonicum,
460 3114 547 3198 quod
577 3115 729 3198 Romani,
758 3114 886 3180 Attalns
916 3115 1036 3198 aliique
1059 3135 1131 3182 cum
1154 3113 1319 3199 Philippo,
1349 3190 1350 3194 Ἰ

168 3216 380 3283 Macedoniae
395 3235 483 3299 rege,
506 3223 683 3300 gesserunt,
706 3216 897 3284 allemanie
919 3215 1044 3284 foederi
1068 3223 1141 3284 sunt
1162 3215 1319 3300 adscripti

167 3320 234 3400 (cir.
260 3320 330 3386 Liv.
352 3317 475 3384 XXIX.
502 3322 551 3384 12.
578 3324 632 3386 14:
663 3321 696 3384 in
728 3339 783 3386 eas
813 3319 1019 3387 condiciones
1049 3339 1119 3386 cum
1148 3341 1215 3404 pax
1244 3339 1317 3386 con·

166 3423 306 3503 veniret,
344 3421 385 3486 ab
419 3439 495 3503 rege
528 3421 652 3488 foederi
684 3421 839 3505 adscripti
874 3422 1003 3504 Prusia,
1037 3421 1212 3504 Bithyniae
1249 3441 1316 3504 rex,

166 3523 289 3590 Achaei
324 3523 449 3589 Boeotii
485 3523 633 3590 Thessali
665 3525 849 3590 Acarnanes
882 3522 1050 3606 Epirotae,
1085 3524 1125 3588 ab
1163 3524 1316 3590 Romanis

164 3627 360 3707 Ilienses,
375 3626 539 3694 Attalus
562 3646 649 3708 rex,
673 3626 850 3708 Pleuratus,
868 3625 970 3692 Nabis
990 3625 1316 3694 Lacedaemoniorum

165 3738 336 3812 tyrannus,
359 3728 449 3812 Elei,
472 3729 638 3800 Messenii,
664 3727 900 3802 Athenienses).
946 3728 1082 3810 Exque
1112 3729 1317 3812 consequitur

164 3851 219 3898 eos
242 3837 308 3896 tum
326 3830 455 3912 quidem
472 3832 576 3898 socios
599 3838 631 3897 et
654 3832 739 3914 regis
755 3831 854 3898 Attali
878 3838 911 3896 et
930 3831 1042 3914 populi
1059 3831 1194 3896 Romani
1216 3830 1316 3896 fnisse

167 3985 355 3994 -0-.--.-.—.-

254 4069 277 4129 1)
296 4061 345 4118 cir.
359 4063 498 4119 Hanbold:
519 4065 560 4119 De
572 4066 653 4120 rebus
671 4065 808 4119 Iliensium
828 4065 904 4135 Lips.
921 4069 993 4132 1888,
1012 4081 1126 4135 quocum
1139 4081 1193 4119 non
1212 4081 1317 4134 semper

162 4150 338 4206 consentiam.

1079 4238 1110 4291 3*
