3308 5000
656 402 868 462 ..77-

186 568 311 636 Aetolis
343 567 398 634 ille
427 568 600 634 nuntiavit:
636 567 783 634 nimirum
812 568 1023 636 decreverant
1049 569 1157 636 Aetoli
1191 569 1338 652 indigna·

186 670 303 754 hundi,
338 669 425 752 qnod
454 669 540 735 bello
565 668 774 738 Macedonico
804 671 931 737 inanem
960 679 1168 754 susceperant
1195 672 1339 738 laborem

186 793 246 840 nec
267 773 369 839 ullam
391 777 584 854 acceperant
604 773 798 855 praemium,
825 770 963 838 deficere
985 791 1006 838 a
1027 772 1180 842 Romanis
1204 774 1339 858 ingratis

189 883 221 942 et
242 875 379 942 transire
401 875 434 939 in
456 872 717 940 adversariorum
739 879 854 940 castra
899 873 1021 957 ltaque,
1044 876 1099 957 qui
1124 881 1220 942 antea
1240 877 1337 942 allo·

187 997 351 1044 manorum
374 975 521 1060 partibus
542 979 705 1060 steterant,
727 976 794 1044 iam
814 975 848 1040 id
872 976 967 1042 enixe
989 977 1139 1062 agebant,
1163 985 1197 1042 at
1220 996 1339 1062 omnes,

188 1099 268 1163 qnos
290 1079 438 1144 inimicos
461 1095 533 1144 esse
547 1077 693 1144 sciebant
707 1078 871 1160 Romanis,
894 1077 938 1146 ad
953 1078 1132 1145 Romanum
1149 1079 1267 1146 bellum
1292 1081 1338 1144 in·

188 1184 332 1249 citarent.
365 1181 507 1263 Legatos
521 1179 619 1261 igitur
634 1179 761 1244 mittere
779 1180 902 1264 placuit
918 1179 1136 1248 Damocritum
1152 1181 1195 1247 ad
1210 1181 1339 1264 Nabim,

187 1282 386 1352 Nicandrum
414 1281 458 1348 ad
484 1279 689 1365 Philippum,
720 1280 971 1365 Dicaearchum,
998 1280 1155 1350 Thoantis
1183 1285 1340 1367 praetoris

187 1387 328 1470 fratrem,
352 1384 395 1451 ad
410 1381 613 1450 Antiochum.
629 1385 648 1458 ¹)
686 1379 827 1460 Quorum
851 1403 869 1449 e
888 1403 1020 1451 numero
1036 1383 1236 1452 Dicaearcho
1252 1406 1340 1452 man·

188 1489 355 1571 doverant,
379 1492 414 1551 at
435 1482 628 1552 Antiochum
651 1491 812 1568 moneret,
835 1505 876 1551 ne
899 1487 1118 1553 felicissimam
1141 1490 1339 1570 praetermit-

188 1595 271 1657 teret
293 1587 495 1655 occasionem
517 1585 694 1652 invadcndi
716 1585 750 1652 in
772 1585 958 1654 Graeciam:
985 1589 1102 1656 etenim
1125 1590 1341 1657 Romanorum

189 1692 367 1759 exercitum
388 1709 453 1755 non
476 1707 547 1755 esse
574 1687 607 1752 in
629 1687 767 1754 Graecia
790 1695 822 1754 et
843 1692 1041 1772 Aetolorum,
1065 1690 1220 1777 Philippi,
1243 1693 1342 1759 Nabi-

190 1793 304 1876 dioque
333 1791 444 1876 copias
472 1796 602 1874 paratas
632 1809 702 1856 esse
732 1789 775 1856 ad
801 1793 1009 1874 pugnandam
1032 1813 1105 1860 cum
1127 1795 1343 1862 acerbissimis

189 1895 344 1964 hostibus.
388 1894 431 1959 At
459 1912 522 1960 non
552 1892 628 1958 ilico
651 1891 828 1959 Antiochus
854 1896 1005 1979 precibus
1034 1915 1143 1964 eorum
1173 1898 1343 1966 obsecutus

190 2005 253 2082 est;
285 1996 439 2078 utigitur
461 1993 633 2077 haberent,
658 2013 720 2078 qno
743 1996 881 2062 eumad
904 1997 1025 2063 bellum
1047 1999 1255 2081 stimularent,
1281 1999 1343 2066 Dc-

190 2097 380 2166 metriadem
396 2105 429 2164 et
442 2094 632 2163 Chalcidem
656 2116 844 2181 oppugnare
866 2101 1098 2166 constituerunt
1115 2107 1147 2166 et
1162 2100 1344 2168 Thoantem

193 2203 296 2285 ipsum
312 2200 356 2266 ad
370 2198 564 2268 Antiochum
588 2200 742 2264 miserunt
764 2201 824 2265 rati
840 2219 923 2284 enm,
948 2220 1012 2284 qna
1035 2208 1120 2268 creet
1141 2204 1341 2286 anctoritate,

190 2305 262 2389 plus
291 2302 508 2387 protecturum
538 2319 609 2366 esse
632 2301 843 2368 Dicaearcho.
888 2300 979 2380 Quae
1009 2305 1096 2386 prior
1118 2302 1275 2371 Thoantis
1298 2307 1340 2372 le·

190 2407 278 2490 gatio
293 2405 433 2472 anterior
449 2423 520 2470 esse
536 2402 633 2468 debet
655 2405 785 2470 ineunte
803 2423 880 2470 vere
895 2405 970 2470 anni
988 2408 1049 2470 192
1064 2426 1094 2471 a.
1110 2405 1184 2472 Chr.
1201 2427 1231 2472 a.
1247 2429 1344 2493 prop·

192 2515 290 2589 terea,
314 2505 400 2590 quod
418 2507 473 2572 ille
485 2525 526 2572 ex
538 2506 618 2570 Asia
636 2506 700 2572 iam
718 2505 947 2590 redieratque
967 2513 1112 2593 tempore
1124 2509 1161 2576 T.
1176 2507 1344 2586 Quinctius

192 2609 392 2676 Flamininus
415 2615 559 2675 extremo
583 2627 660 2674 vere
682 2608 736 2674 vel
750 2609 882 2675 aestatis
898 2610 990 2674 initio
1006 2629 1078 2674 cum
1093 2610 1344 2681 Atheniensibus

191 2712 378 2777 Aetolorum
400 2710 537 2776 concilio
561 2710 745 2792 interluit2),
768 2730 872 2794 neque
895 2717 969 2777 ante
988 2717 1174 2779 autumnum
1190 2718 1266 2782 anni
1284 2720 1343 2782 193

191 2831 220 2878 a
236 2811 311 2879 Chr.
327 2832 373 2895 m,
403 2831 466 2894 quo
489 2811 598 2878 Thoas
626 2819 778 2898 praetura
800 2832 835 2880 se
857 2813 1032 2879 abdicavit.
1077 2813 1226 2880 Ceterum
1249 2835 1290 2880 ne
1313 2817 1343 2880 ei

192 2913 323 2998 quidem
346 2931 388 2978 ex
410 2914 635 2982 sententiares
651 2915 799 2982 evenisse
814 2915 942 2982 videtur
958 2933 1062 2999 aeque
1075 2938 1115 2984 ac
1132 2916 1342 2997 Dicaearcho,

192 3016 233 3084 de
254 3016 345 3082 cuius
364 3015 526 3097 legatione
547 3014 660 3082 Livius
675 3016 810 3081 XXXV.
830 3021 878 3083 12.
898 3020 935 3082 18
959 3017 1041 3085 haec
1063 3017 1176 3086 habet:
1199 3025 1231 3086 et
1253 3039 1346 3102 reges

192 3126 299 3184 mmca
327 3122 383 3183 ant
410 3136 475 3184 non
504 3117 582 3182 moti
611 3125 667 3184 aut
695 3117 818 3186 tardius
846 3121 925 3185 moti
955 3127 1036 3188 sunt.
1089 3123 1139 3188 De
1167 3121 1217 3188 his
1250 3123 1348 3204 igitur

191 3221 379 3288 Aetolorum
409 3218 553 3285 consiliis
582 3225 614 3284 et
642 3221 819 3288 rationibus
845 3223 972 3289 Attalus
1001 3231 1146 3292 senatum
1170 3226 1346 3313 certiorem

193 3321 284 3389 fecit:
320 3321 436 3387 etenim
471 3319 646 3386 maximam
680 3321 779 3390 habet
806 3325 1052 3392 verisimilitatis
1085 3328 1228 3410 speciem
1260 3329 1346 3410 regis

193 3425 322 3490 fratrem
351 3442 415 3489 aon
444 3421 549 3488 solum
579 3422 772 3490 Dicaearchi
801 3426 860 3492 sed
894 3428 990 3492 etiam
1021 3428 1178 3496 Thoantis
1207 3431 1346 3512 priorem

194 3527 387 3608 legationem
410 3525 549 3591 novisse.

194 3699 198 3710 ,
277 3627 347 3692 Iam
370 3645 448 3692 vero
472 3633 510 3692 'eo
534 3624 691 3708 producta
712 3647 764 3694 res
788 3636 845 3711 est,
869 3637 903 3696 ut
926 3631 968 3696 de
990 3633 1122 3715 reliquis
1141 3633 1214 3698 Livi
1237 3635 1345 3700 verbis

196 3729 402 3812 inquiramus,
426 3727 542 3810 quibus
559 3728 752 3794 Antiochum
768 3750 877 3814 regem
893 3733 1137 3818 Hellespontum
1161 3755 1232 3800 cum
1255 3756 1346 3802 exer-

282 3985 306 4046 1)
324 3977 374 4034 cfr.
393 3979 451 4034 Lir.
472 3979 584 4035 XXXV.
605 3983 714 4050 ilsqq,
735 3983 834 4038 Zonar.
852 3984 900 4038 IX.
924 3990 962 4040 18.

194 4069 305 4207 mizi)
324 4065 373 4120 cfr.
392 4064 450 4121 Liv.
469 4065 581 4122 XXXV.
602 4069 648 4133 31,
676 4070 746 4138 App.
766 4069 825 4138 Syr.
854 4075 898 4134 lh:
926 4072 975 4126 cir.
999 4070 1208 4126 Weissenborn:
1230 4073 1265 4126 ad
1287 4073 1345 4128 Lir.

300 4191 307 4205 .
328 4153 369 4206 32.
389 4154 412 4206 2.
