3308 5000
687 400 899 460 ..45-

214 568 291 634 mihi
315 567 463 633 videntur
487 566 627 632 uoluisse
658 567 747 632 illem
771 567 993 634 condicionem
1023 565 1112 652 pacis
1141 566 1271 650 legibus
1301 589 1365 634 non

214 670 380 752 contineri,
403 667 490 752 quod
512 668 651 735 insulem
675 671 739 735 ism
762 676 835 737 unte
864 675 1014 754 quattuor
1036 688 1137 735 annos
1160 667 1269 734 Attalo
1292 689 1366 736 cen·

214 773 424 839 donavissent
446 776 480 837 ct
501 772 585 838 male
609 792 644 838 se
661 771 827 840 habuisset
842 771 969 838 Andros
993 772 1025 837 in
1041 769 1201 837 dicionem
1225 777 1365 855 poteste-

214 883 343 957 tcmquc
367 873 518 938 Eumenis
548 873 681 940 redacta
702 895 761 960 pre
790 875 925 958 reliquis
955 875 1102 941 omnibus
1132 876 1164 939 in
1187 873 1368 940 libertatem

215 977 387 1043 vindicetis
418 974 613 1043 civitatibus.
657 979 741 1044 Nem
771 977 958 1046 confitemur
987 977 1158 1062 Polybium
1182 975 1300 1041 XVIII.
1325 981 1365 1040 47

215 1080 282 1157 (cfr.
305 1078 376 1144 Liv.
400 1075 552 1142 XXXIII.
576 1080 626 1144 34.
652 1083 684 1159 9)
707 1081 848 1165 proferre
872 1081 1051 1163 oportuisse
1081 1079 1171 1144 illem
1200 1098 1265 1144 une
1294 1098 1365 1144 cnm

215 1181 299 1249 Oreo
322 1179 459 1265 oppido,
484 1180 571 1262 quod
593 1200 697 1267 seque
719 1190 816 1267 etque
841 1181 966 1248 Andros
989 1182 1030 1247 ab
1053 1181 1178 1265 Attalo,
1202 1181 1364 1264 Romanis,

216 1284 415 1366 Rhodiisque
439 1288 657 1366 expugnatum
680 1286 748 1368 regi
772 1291 912 1352 cesserat
935 1284 1001 1359 (cfr.
1027 1283 1096 1349 Liv.
1113 1283 1201 1348 XXI.
1226 1286 1276 1348 46.
1303 1287 1365 1366 16),

217 1386 366 1451 libertate
389 1404 459 1451 esse
483 1385 634 1451 demetam
659 1406 700 1452 ex
723 1393 851 1454 senatus
874 1387 1018 1453 consulto
1041 1406 1061 1450 u
1083 1385 1120 1450 T.
1138 1384 1287 1463 Quinctio
1310 1386 1364 1452 dc-

217 1507 350 1570 ccmque
373 1487 499 1570 legetis,
524 1488 551 1553 si
575 1488 735 1556 Eumenes
757 1490 846 1556 illam
869 1510 932 1554 non
954 1489 1147 1555 retinuisset.

300 1589 370 1668 Quo
401 1590 504 1672 magis
539 1596 587 1656 est
616 1591 806 1676 delendum,
841 1592 927 1677 quod
959 1612 977 1658 e
1006 1591 1101 1657 rebus
1134 1591 1365 1673 posterioribus

216 1695 307 1760 annis
336 1693 435 1776 gestis
464 1691 545 1758 nihil
575 1691 682 1760 efferri
712 1701 833 1780 potest,
862 1716 926 1778 quo
954 1695 1223 1778 Pergamenorum
1253 1713 1364 1777 regum

216 1797 314 1862 fuisse
329 1795 472 1864 Andrum
489 1796 626 1860 Insulam
641 1797 874 1882 comprobetur.
911 1797 995 1863 Nem
1009 1796 1083 1861 Livi
1100 1795 1199 1860 verba
1213 1793 1363 1861 XXXVI.

216 1903 266 1964 20.
293 1903 320 1983 7,
344 1916 536 1980 quamquem
562 1917 603 1962 ex
632 1898 672 1965 iis
696 1901 905 1982 cognevimus
930 1900 966 1964 Α.
990 1899 1140 1980 Atilium,
1169 1898 1366 1982 praesectum

216 2002 328 2068 elassis
357 2001 542 2083 Romenee;
571 1999 614 2064 ed
643 1999 787 2066 Andrum
820 2021 904 2066 enno
935 2003 992 2079 191
1023 2021 1052 2066 a.
1076 1999 1149 2065 chr.
1172 2019 1201 2063 n.
1233 2019 1365 2082 magnos

216 2104 323 2186 regios
339 2108 537 2168 commeatus
554 2103 721 2186 excepisse
738 2110 770 2168 et
784 2103 841 2168 ille
857 2104 1024 2170 stationem
1043 2100 1195 2167 ininsula
1215 2098 1367 2168 habuisse

216 2204 357 2285 videtur,
391 2224 486 2270 ansas
520 2224 584 2270 non
623 2203 701 2269 dant
740 2205 942 2272 coniecturae
976 2205 1114 2271 insulam
1152 2203 1184 2267 in
1214 2202 1366 2270 Eumenis

216 2305 342 2372 dicione
365 2306 475 2372 fuisse.
