3308 5000
695 393 906 453 ..41-

224 564 325 641 erunt,
349 578 422 624 oum
445 559 478 623 in
500 558 610 624 urbem
635 559 699 624 iam
722 560 844 643 impetu
867 559 952 626 facto
982 560 1071 624 nulla
1102 579 1177 645 spes
1199 559 1313 626 auxilii
1334 561 1375 625 ab

221 659 381 728 Antiocho
406 667 484 728 erat.
521 662 634 744 Itaque
656 681 737 745 pace
760 661 939 747 composita
953 667 1147 744 aeceperunt
1165 657 1202 724 τὸ
1220 659 1376 746 πάτριον,

223 769 257 829 nt
279 763 407 846 Polybii
431 762 539 829 verbis
561 761 649 828 XXI.
674 765 724 827 48.
749 767 766 826 7
790 768 878 847 utar,
907 761 1095 844 πολίτευμα
1119 761 1163 838 (h.
1187 783 1214 830 e.
1239 754 1376 827 αὐτονο-Ι

224 865 316 947 μίαν)
333 865 389 928 καὶ
405 860 464 952 τὴν
477 860 598 949 χώραν,
615 860 654 951 ἣν
668 865 723 930 καὶ
741 861 903 949 πρότερον
919 859 1006 946 εἶχον
1022 865 1089 941 (cfr.
1107 865 1177 930 Liv.
1190 865 1374 930 XXXVIII.

222 969 271 1032 39.
299 970 353 1032 12:
378 966 636 1034 Phocaeensibus
660 973 692 1032 et
718 987 804 1051 ager,
829 987 924 1051 quem
947 973 1021 1033 ante
1043 967 1164 1034 bellum
1188 967 1376 1052 habuerant,

225 1070 388 1154 redditus,
419 1076 451 1136 et
479 1076 515 1135 ut
542 1069 669 1152 legibus
704 1070 845 1153 antiquis
874 1075 1037 1136 uterentur
1069 1071 1283 1152 permissum),
1312 1089 1377 1136 non

223 1172 457 1239 immunitatem
468 1172 500 1248 ¹).
545 1170 754 1256 Stipendiarii
784 1173 882 1256 igitur
902 1172 1055 1258 Eumenis
1084 1173 1170 1254 regIs
1193 1178 1379 1239 manserunt

224 1274 313 1357 iique
335 1280 370 1340 ut
389 1275 476 1358 patri
498 1274 606 1340 Attalo
629 1275 795 1341 solverunt
817 1274 945 1341 tributa.

309 1375 457 1459 Reliquis
480 1395 608 1460 quoque
632 1377 817 1444 civitatibus
839 1397 859 1444 a
881 1376 1020 1460 Polybio
1042 1376 1080 1442 V.
1105 1379 1145 1439 77
1168 1377 1301 1459 prolatis
1324 1377 1376 1443 sti-

177 1563 180 1570 ,
226 1478 348 1562 pendia
371 1480 412 1545 ab
428 1479 538 1545 Attalo
561 1485 634 1545 sunt
656 1480 808 1562 imposita
830 1485 927 1561 atque
950 1479 996 1544 sic
1020 1479 1116 1544 etiam
1132 1479 1299 1563 Temnitis,
1324 1480 1378 1561 qui

226 1583 291 1647 iam
319 1587 416 1648 antea
446 1603 517 1648 oum
540 1581 812 1665 Pergamenorum
843 1581 988 1665 dynastis
1021 1579 1153 1647 foedere
1187 1587 1278 1647 erant
1306 1602 1378 1647 con-

227 1685 336 1751 lunoti.
380 1684 480 1767 Nam,
511 1689 547 1749 nt
568 1683 745 1750 Praenkel:
770 1684 790 1748 l.
813 1685 834 1748 l.
858 1703 889 1768 p.
914 1689 933 1746 4
955 1683 998 1749 ad
1021 1684 1105 1750 tit.5
1135 1702 1177 1748 ex
1201 1682 1379 1748 litterarum

228 1785 339 1870 figuris
362 1786 515 1870 coniecit,
539 1786 679 1853 foederis
709 1785 839 1853 tabulae
860 1785 1011 1868 Pergami
1040 1787 1200 1852 inuentae
1222 1786 1253 1851 ei
1281 1787 1380 1851 aetati

228 1888 452 1956 attribuendae
481 1893 569 1970 sunt,
603 1909 667 1972 qua
695 1886 908 1973 Lysimachus
938 1895 970 1953 et
998 1887 1200 1953 Philetaerus
1230 1886 1380 1970 Pergami

227 1991 315 2057 urbis
350 1991 520 2074 imperium
555 1990 751 2058 obtinebant.
806 1988 914 2056 Edicti
946 1996 1069 2072 antem,
1102 1986 1187 2070 qnod
1221 1988 1380 2057 Eumenes

227 2093 384 2160 Temnitis
406 2092 526 2161 dicioni
549 2113 626 2159 suae
648 2093 802 2160 subiectis
826 2091 938 2175 edidit,
961 2093 1143 2177 nuperrime
1166 2092 1285 2173 reperti
1306 2092 1380 2157 reli-

226 2195 319 2278 quias
341 2193 503 2261 Praenkel
525 2215 556 2278 p.
581 2201 686 2279 tsqq.
710 2196 797 2262 foras
820 2193 920 2261 dedit.

313 2297 438 2380 Mysiae
473 2303 581 2363 autem
615 2298 737 2385 oppida
765 2295 949 2363 collaudata
978 2294 1157 2378 aPolybio
1190 2296 1321 2379 aliaque
1348 2297 1381 2360 in

227 2399 328 2466 Attali
345 2399 473 2466 dIcione
488 2419 528 2465 ac
542 2406 703 2484 potestate
714 2400 814 2465 fuisse
829 2398 926 2464 facile
949 2398 1138 2482 intelligitur
1151 2417 1168 2464 e
1184 2398 1257 2464 Livi
1272 2400 1382 2466 verbis

228 2501 411 2568 XXXVIII.
443 2505 492 2566 39.
528 2507 581 2567 15:
610 2502 763 2585 Mysiam,
794 2521 890 2585 quam
918 2501 1032 2568 Prusia
1060 2519 1118 2567 rex
1146 2500 1313 2568 ademerat
1340 2537 1381 2546 -

227 2605 338 2670 Attalo
361 2605 431 2688 regi
453 2625 537 2672 anno
554 2608 616 2670 207
632 2625 661 2670 a.
678 2602 751 2669 (ihr.
767 2626 797 2669 n.
822 2605 976 2688 suspicor,
1002 2610 1036 2669 ut
1050 2604 1224 2671 memoriae
1239 2604 1383 2688 prodidit

230 2707 342 2774 Livius
356 2706 508 2773 XXVIII.
527 2711 555 2770 7.
574 2709 612 2770 10
629 2741 669 2750 -
693 2707 723 2772 ei
740 2708 794 2786 (sc.
811 2707 958 2783 Eumeni)
982 2707 1187 2774 restituerunt
1198 2708 1231 2786 ²).
1269 2708 1382 2790 Itaque

230 2831 301 2876 oum
318 2811 478 2878 Eumenes
501 2829 636 2894 regnare
653 2811 768 2894 eoepit,
794 2809 923 2874 Prusias
946 2811 1010 2874 iam
1032 2810 1185 2874 nonnulla
1202 2830 1243 2875 ex
1258 2811 1383 2892 Mysiae

234 2912 364 2997 oppidis
387 2917 617 2998 occupaverat,
642 2932 724 2995 quae
747 2911 877 2995 quidem
901 2930 1005 2994 neque
1033 2931 1053 2976 a
1076 2911 1213 2994 Polybio
1236 2932 1341 2996 neque
1363 2933 1384 2978 a

234 3015 327 3083 Livio
350 3017 563 3083 nominantur.

318 3117 445 3184 Deinde
474 3118 532 3186 sub
563 3116 663 3183 Attali
692 3118 778 3200 regis
808 3117 943 3200 imperio
974 3116 1072 3182 luisse
1102 3116 1258 3200 oppidum
1283 3105 1383 3181 Ἕλλα

233 3220 337 3303 planis
361 3220 469 3287 verbis
498 3226 633 3287 testatur
661 3219 818 3304 Polybius
850 3219 937 3305 apud
966 3217 1164 3304 Stephanum
1193 3219 1382 3303 Byzantium

325 3479 336 3526 1
341 3473 419 3539 ycfr.
432 3473 491 3528 Liv.
506 3472 646 3527 XXXVII.
661 3477 700 3527 32.
717 3479 762 3527 14:
777 3469 817 3526 ‘et
828 3488 892 3527 snus
909 3474 981 3540 leges
999 3473 1031 3527 iis
1049 3465 1188 3539 restituit'3
1208 3473 1264 3526 suis
1282 3473 1385 3541 legibus

235 3575 367 3614 essenon
386 3561 456 3614 idem
475 3567 517 3612 est
534 3562 615 3626 atque
634 3559 764 3612 inmunes
783 3573 842 3613 esse
861 3557 909 3612 olr.
928 3557 986 3613 Liu.
1007 3557 1133 3611 XXXIII.
1154 3561 1194 3610 32.
1215 3563 1238 3611 5.

322 3649 347 3711 2)
365 3645 408 3698 nd
420 3644 533 3698 Liviana
551 3644 597 3696 illa
615 3650 730 3714 possunt
749 3643 853 3712 corrigi,
872 3658 940 3712 quae
958 3643 1032 3712 apud
1051 3642 1192 3710 Polybium
1209 3643 1282 3696 XXI.
1296 3648 1337 3697 48.
1354 3649 1384 3698 ttl

234 3730 296 3786 libri
309 3729 451 3784 exhibent:
472 3725 597 3795 Μυσούς,
610 3722 659 3794 οὓς
672 3725 818 3800 πρότερον
830 3721 917 3794 αὐτὸς
930 3727 1176 3800 παρεσκευάσατο.
1197 3726 1245 3781 cfr.
1261 3727 1384 3782 Draken-

235 3817 320 3872 borch
347 3818 383 3872 ad
405 3817 463 3870 Liv.
482 3816 499 3868 l.
519 3817 547 3880 l.‚
574 3815 720 3869 Tillmuns:
748 3815 944 3885 Disputationis
969 3829 1022 3882 qua
1046 3814 1152 3866 ratione
1175 3810 1268 3866 Livius
1291 3814 1385 3882 Polybi

237 3903 357 3958 historiis
375 3917 443 3956 usus
461 3901 497 3954 sit
523 3905 592 3968 part.
619 3899 640 3953 l.
666 3900 728 3954 diss.
753 3901 841 3954 Bono.
868 3904 931 3952 1560
955 3916 981 3967 p.
1002 3904 1047 3967 603
1075 3899 1173 3952 Nissen
1198 3898 1215 3950 l.
1234 3898 1251 3950 l.
1280 3916 1306 3966 p.
1326 3905 1384 3953 202.

238 3987 272 4042 Ε.
288 3987 419 4042 schulze:
438 3980 491 4040 ‘Zu
509 3978 654 4040 Diodorus'
678 3985 749 4040 Mus.
769 3985 855 4039 Rben.
874 3985 925 4040 uel.
944 3985 1046 4038 XXIII.
1069 3988 1156 4050 (uste)
1174 4000 1200 4052 p.
1221 3989 1302 4051 lhsq.
1322 4001 1385 4052 pro·

238 4073 329 4140 posuit
353 4072 524 4127 scribendum
545 4061 690 4135 ‘iuvanda
715 4063 763 4134 οὓς
782 4072 929 4143 Προυσίας
956 4069 1103 4142 πρότερον
1128 4062 1216 4125 αὐτοῦ
1239 4066 1385 4142 παρεσπά-

239 4153 328 4224 σατο’,
346 4173 415 4227 quuc
433 4158 514 4211 verbu
533 4157 633 4226 optIme
650 4155 684 4210 ad
703 4156 815 4208 Liviana
833 4156 975 4224 quadrant.
