3344 5008
246 1299 385 1400 Carolus
407 1331 568 1414 Romanu,
592 1334 646 1414 qni
670 1353 752 1399 anno
775 1331 804 1397 h.
822 1353 846 1398 s.
864 1331 1043 1398 LXXVIII.
1066 1334 1219 1418 auspiciis
1243 1333 1310 1398 diri

162 1438 329 1518 Guilelmi,
352 1435 584 1501 Germanorum
603 1434 806 1517 imperatoris
822 1434 1096 1518 Bonussorumque
1112 1435 1209 1519 regis,
1233 1435 1309 1500 Par-

164 1561 292 1626 gamum
310 1543 461 1621 coeperat
477 1536 630 1620 oppidum
645 1535 852 1620 inuestigare,
869 1557 940 1604 cum
956 1543 1030 1622 post
1045 1550 1117 1605 octo
1133 1539 1312 1604 fercannus

162 1644 236 1708 aliis
266 1641 345 1706 viris
375 1639 477 1705 doctis
507 1637 735 1704 adiuvantibus
773 1638 814 1704 ad
844 1638 939 1705 finam
969 1639 1189 1724 perduxisset,
1226 1639 1312 1724 quod

163 1743 380 1828 prosperrimo
397 1746 513 1806 eventu
537 1747 605 1806 erat
620 1742 791 1824 ingressus,
810 1740 1002 1824 Pergamum
1018 1742 1182 1828 oppidum,
1206 1741 1314 1826 quoad

164 1847 234 1913 fieri
258 1845 370 1930 potuit,
393 1842 525 1928 detexit,
548 1843 804 1926 antiquissimum
820 1844 1031 1910 Attalicorum
1046 1845 1137 1926 regni
1160 1850 1257 1928 caput
1279 1851 1314 1910 ut

167 1968 266 2030 nunc,
296 1947 391 2029 quale
418 1946 528 2030 fuerit,
557 1946 634 2010 satis
664 1944 806 2010 dilucide
835 1947 1077 2030 perspiciamus.
1129 1943 1199 2023 Quo
1229 1946 1313 2012 lacto

166 2049 269 2116 denuo
285 2048 554 2131 Pergamenorum
571 2067 674 2113 rerum
699 2046 838 2112 studium
855 2054 904 2114 est
926 2049 1109 2131 excitatum,
1126 2050 1314 2131 praesertim

167 2171 237 2217 cum
254 2171 370 2234 magno
393 2153 557 2218 titulorum
571 2169 704 2216 numero
720 2150 850 2217 invento
867 2149 955 2216 haud
969 2169 1094 2235 paucae
1109 2151 1314 2232 quaestiones

166 2253 339 2336 solvantur,
364 2273 446 2336 quae
470 2273 521 2320 res
545 2254 761 2337 Pergamenus
783 2255 853 2319 sive
876 2251 1042 2318 intestinas
1072 2253 1142 2318 sive
1166 2259 1314 2319 externas

166 2355 377 2422 tractantibus
400 2361 473 2421 sunt
495 2356 719 2423 instituendae.
757 2356 829 2422 Non
846 2354 1012 2438 indignum
1035 2354 1132 2438 igitur
1155 2360 1241 2420 ratus
1264 2354 1315 2422 his

164 2458 259 2524 rebus
275 2458 427 2541 occupari
442 2457 594 2523 Eumenis
610 2459 750 2541 alterius,
766 2477 879 2541 regum
892 2457 1160 2540 Pergamenorum
1173 2458 1313 2523 omnium

164 2559 386 2640 illustrissimi,
416 2560 516 2626 vitam
542 2580 733 2644 componore
756 2561 895 2625 animum
925 2559 1133 2642 induxeram,
1162 2559 1218 2626 scd
1243 2580 1313 2626 cum

165 2661 198 2724 in
221 2659 452 2726 conscribendo
482 2662 593 2728 libello
622 2664 759 2728 materia
786 2663 901 2728 mirum
930 2663 963 2727 in
992 2660 1121 2726 modum
1151 2663 1314 2745 crevisset,

166 2761 227 2826 hoc
250 2759 380 2842 quidem
404 2768 519 2828 conatu
544 2762 651 2829 destiti
674 2770 770 2846 atquc
793 2765 825 2828 in
848 2766 1011 2848 praesenti
1039 2764 1208 2831 nonnullas
1231 2785 1314 2848 sym·

166 2863 257 2930 boias
274 2861 314 2927 ad
332 2863 484 2929 Eumenis
500 2864 552 2947 ll.‚
576 2865 846 2948 Pergamenorum
863 2869 958 2950 regis,
983 2867 1147 2934 historiam
1171 2867 1315 2934 emittere

166 2968 243 3033 satis
266 2964 381 3032 habeo.

224 4255 380 4296 llclschlo.
