3344 5008
833 385 1021 446 ..g-

348 551 424 627 (tab.
443 551 495 615 IV.
514 553 614 632 2-4,
638 549 673 614 Β.
690 551 730 615 ΙΙ.
755 551 892 626 83-85)
909 551 928 626 1)
952 550 1014 616 huc
1036 552 1172 632 rettulit,
1197 551 1251 633 qui
1274 572 1294 616 a
1317 549 1499 634 cistophoro

350 653 406 719 illo
430 651 605 736 differrant,
628 653 715 736 quod
738 673 797 737 pro
813 651 925 736 oppidi
941 653 1078 719 nominis
1101 652 1217 721 litteris
1232 654 1345 737 primis
1366 654 1500 720 alterum

351 762 448 837 caput
478 757 618 837 positum
646 761 678 822 ct
701 756 807 822 littera
830 754 854 816 Β
876 755 909 819 iu
933 753 963 814 Δ
986 761 1108 821 mutata
1131 761 1216 822 assat
1244 762 1276 822 ct
1297 756 1502 840 magistratus

351 856 482 921 nomina
514 854 644 921 ΑΠΟΛ
678 865 710 925 et
742 854 861 918 ΣΤΡΑ
894 862 972 940 typo
1008 863 1115 924 essent
1142 858 1271 925 inserta.
1322 858 1400 925 (ium
1425 878 1503 925 vcro

352 960 474 1025 nummi
498 958 704 1026 hauddubie
727 961 809 1026 inter
831 979 867 1026 se
890 959 1082 1044 discrepent,
1105 955 1184 1027 Iucc'
1199 961 1317 1028 clarius
1340 968 1389 1028 est
1410 961 1502 1027 cisto·

353 1060 490 1144 phorum
513 1063 548 1127 B.
571 1065 611 1127 82
633 1063 721 1147 prius
744 1062 904 1146 signatum
934 1081 1006 1128 esso
1033 1082 1129 1145 quam
1152 1063 1188 1127 B.
1211 1064 1346 1128 83—85.
1392 1063 1505 1130 Partes

354 1165 438 1230 enim
449 1185 581 1233 aversas
597 1163 814 1249 cistophorum
831 1164 857 1230 si
874 1163 1062 1246 diligentius
1084 1165 1276 1248 inspexeris,
1300 1167 1403 1248 magis
1419 1185 1503 1232 com·

354 1268 458 1351 posito
480 1268 633 1335 formatas
655 1286 727 1333 esse
749 1285 868 1348 negare
897 1286 960 1331 non
982 1266 1112 1350 poteris.
1151 1267 1257 1333 Antea
1282 1269 1435 1352 anguium
1458 1268 1504 1332 in-

355 1376 561 1436 curratorum
583 1392 603 1436 a
626 1370 741 1436 dextra
764 1375 832 1434 crat
860 1373 957 1452 capnt
979 1367 1076 1449 deae,
1106 1375 1142 1435 ut
1163 1369 1306 1453 videtur,
1335 1390 1356 1436 a
1377 1370 1507 1436 sinistra

357 1473 484 1538 litterae
501 1467 607 1556 ΘΥΑ,
631 1477 746 1556 postca
769 1476 800 1536 et
823 1471 950 1537 sinistra
974 1477 1006 1536 ct
1026 1470 1141 1537 dextra
1164 1479 1260 1555 caput
1282 1474 1453 1553 invenitur,
1476 1479 1508 1540 et

355 1577 388 1640 in
405 1575 440 1640 B.
459 1579 498 1640 83
522 1575 586 1640 tab.
603 1573 657 1638 IV.
682 1577 701 1637 2
724 1572 855 1657 quidem
877 1573 1006 1639 sinistra
1021 1571 1074 1638 dei
1090 1573 1216 1639 barbati
1238 1581 1270 1641 et
1286 1575 1400 1642 dextra
1415 1574 1507 1659 deae,

355 1681 387 1744 in
411 1678 446 1742 B.
464 1680 505 1742 84
529 1685 561 1744 et
577 1678 617 1740 85
640 1676 703 1742 tab.
719 1675 809 1741 IV.3
833 1681 866 1741 et
888 1680 906 1738 4
930 1675 1058 1742 sinistra
1080 1674 1162 1740 deae
1185 1683 1217 1742 ct
1237 1677 1352 1743 dextra
1366 1678 1421 1743 dei
1436 1678 1508 1742 bar·

357 1782 423 1847 bati
454 1784 551 1864 caput
579 1799 650 1845 esse
680 1778 824 1862 videtur,
854 1783 886 1844 ct
914 1777 972 1843 sub
988 1777 1146 1858 anguibus
1174 1777 1300 1845 litterae
1323 1776 1453 1843 ΑΠΟΛ
1478 1785 1509 1845 et

358 1879 486 1946 ΣΤΡΑ.

445 1983 512 2050 Sub
542 1981 657 2048 litteris
687 1978 743 2041 ΒΑ
776 1977 832 2044 ΕΥ
863 1983 896 2045 iu
921 1982 954 2046 B.
973 1982 1012 2044 82
1036 1980 1100 2045 tab.
1116 1979 1170 2045 IV.
1198 1985 1210 2044 1
1244 1983 1351 2050 littora
1375 1983 1398 2044 Β
1422 1984 1509 2049 etin

360 2089 396 2153 B.
414 2087 539 2151 83-85
563 2084 626 2150 tab.
644 2083 698 2148 lv.
715 2086 798 2146 2-4
822 2081 852 2142 Δ
876 2089 924 2150 est
946 2083 1109 2166 inscripta,
1133 2101 1212 2166 quas
1235 2084 1278 2149 ad
1301 2083 1357 2147 ΒΑ
1382 2082 1438 2148 ΕΥ
1462 2106 1510 2152 re·

360 2189 510 2256 ferendas
523 2187 658 2252 alterum
671 2192 703 2252 ct
714 2193 862 2270 quartum
874 2205 991 2250 annum
1001 2184 1153 2267 indicare,
1167 2193 1338 2270 postquam
1350 2188 1511 2254 Eumenes

363 2292 506 2376 coeperit
528 2308 680 2374 regnare,
704 2288 832 2356 Imhoof
852 2289 916 2353 iam
941 2287 1115 2370 perspexit.
1167 2288 1280 2372 Itaque
1309 2289 1511 2374 cistophorus

362 2396 399 2460 Β.
417 2398 456 2459 82
480 2413 563 2458 anno
593 2391 733 2457 secundo
763 2396 811 2458 est
840 2409 950 2472 cusas,
980 2409 1043 2472 quo
1067 2391 1226 2458 Eumenes
1256 2410 1314 2458 rex
1343 2393 1512 2476 imperium

362 2496 538 2581 Thyatirac
566 2494 720 2576 obtinuit,
751 2495 770 2558 i.
794 2511 820 2558 c.
844 2512 908 2557 non
931 2513 1015 2560 anuo
1041 2495 1099 2558 188
1123 2515 1151 2560 a.
1175 2493 1517 2578 cur.n.,ut1mu00f

362 2603 538 2680 asseverat,
556 2596 614 2663 scd
633 2598 703 2678 187,
726 2596 803 2679 quia
818 2593 993 2677 Thyatirae
1009 2616 1092 2663 anno
1108 2596 1236 2662 demum
1262 2600 1321 2662 188
1343 2617 1372 2662 a.
1390 2595 1463 2663 (ihr.
1482 2617 1513 2661 n.

364 2721 521 2784 nummos,
547 2700 663 2783 quihus
687 2699 813 2765 litterae
837 2695 893 2758 ΒΑ
917 2693 973 2760 ΕΥ
997 2704 1070 2765 sunt
1091 2698 1274 2783 inscriptae,
1297 2699 1446 2783 signandi
1468 2698 1516 2764 Ia·

365 2807 467 2872 cultas
491 2803 568 2869 data
583 2807 639 2868 cst.
677 2802 783 2868 Antea
798 2802 882 2866 enirn
899 2800 1056 2885 Thyatira
1072 2801 1225 2886 oppidum
1242 2803 1273 2866 iu
1289 2800 1442 2869 Antiochi
1457 2801 1514 2866 III.

366 2907 485 2991 Magni,
509 2905 624 2989 Syriae
647 2905 750 2989 regis,
773 2909 932 2989 potestate
955 2909 1024 2970 erat
1050 2909 1082 2970 et
1110 2904 1317 2972 inhumanis
1347 2904 1516 2987 imperinm

365 3010 462 3078 cessit
483 3027 547 3074 non
574 3027 658 3074 anno
684 3011 753 3092 189,
784 3013 818 3073 nt
845 3006 975 3072 Imhoof
993 3007 1175 3090 arbitratur,
1205 3006 1263 3073 sed
1292 3009 1515 3072 ann0188a.

365 3111 439 3179 Chr.
456 3132 486 3175 n.
511 3113 550 3188 (a.
568 3131 598 3176 u.
614 3131 640 3176 c.
658 3112 730 3193 566,
754 3109 804 3176 01.
824 3114 927 3183 1471).
966 3109 1049 3173 Nam
1065 3109 1195 3174 incunte
1217 3110 1280 3174 Iam
1303 3115 1426 3176 aestate
1441 3109 1517 3175 anui

371 3215 604 3280 resumeres
627 3231 684 3277 rex
708 3219 740 3278 et
762 3211 874 3277 decem
896 3210 994 3292 legati
1017 3207 1060 3274 ad
1076 3229 1127 3276 ros
1143 3209 1302 3278 Astaticas
1325 3231 1516 3295 componen-

367 3316 623 3384 dasaRomanis
635 3313 894 3398 missihphesum
903 3313 1096 3398 appulerunt
1108 3318 1149 3395 et,
1158 3319 1326 3396 postquam
1338 3317 1516 3400 Apameam

369 3425 524 3486 venerunt
544 3436 723 3502 pacemque
739 3437 809 3482 cum
825 3414 985 3483 Antiocho
1001 3415 1148 3500 inierunt,
1172 3416 1306 3484 Eumeni
1324 3420 1392 3502 regi
1416 3425 1517 3486 terras

370 3557 569 3568 .—.-—-——-—-

458 3643 480 3704 l)
499 3638 549 3693 cIr.
574 3636 608 3690 ad
633 3637 665 3691 B.
689 3639 721 3690 82
746 3635 800 3690 tab.
820 3635 867 3690 IV.
897 3642 916 3688 1.
952 3633 1082 3687 Borell:
1112 3634 1191 3689 Num.
1215 3637 1352 3692 chroniclc
1377 3637 1449 3694 VIII.
1477 3642 1517 3692 13.

575 3723 776 3776 Domerssn:
800 3721 892 3775 Rerue
916 3718 1123 3788 numismatiquo
1148 3725 1214 3776 1846
1236 3739 1263 3791 p.
1284 3726 1342 3778 266.
1378 3721 1518 3777 Pindcr:

570 3797 656 3862 ‘Uber
674 3807 717 3860 die
735 3797 924 3874 cistophoran'
949 3805 976 3857 in
996 3807 1268 3862 commentationibus
1291 3809 1446 3864 academiae
1465 3809 1519 3862 Bo-

574 3893 695 3947 russicae
715 3897 780 3945 1855
799 3908 824 3961 p.
844 3895 901 3944 565.
923 3895 981 3944 136.

404 3979 439 4033 ad
458 3979 488 4032 Β.
503 3983 535 4033 83
555 3979 610 4032 tab.
624 3977 670 4033 tv.
691 3980 706 4030 2
724 3977 895 4046 Bunbury:
915 3975 994 4032 Num.
1010 3977 1148 4031 chronicle
1163 3982 1226 4032 1883
1245 3995 1272 4046 p.
1289 3983 1345 4046 198,
1364 3979 1419 4034 tab.
1432 3979 1466 4033 X.
1480 3987 1520 4034 13.
1653 4007 1654 4028 r

405 4063 671 4119 cruccicula
692 4066 706 4116 3
726 4063 863 4118 Pindcr:
883 4063 900 4117 1.
914 4063 931 4116 1.
950 4080 977 4131 p.
997 4065 1056 4118 565.
1078 4067 1134 4117 131.

406 4153 440 4207 ad
460 4151 490 4204 B.
505 4154 536 4204 85
555 4149 610 4205 tah.
624 4150 666 4203 IV.
687 4154 703 4202 4
723 4148 894 4216 Bunbury:
914 4149 931 4202 l.
945 4149 963 4201 l.
982 4164 1007 4215 p.
1026 4151 1081 4212 195,
1100 4147 1155 4200 tab.
1169 4148 1202 4202 X.
1225 4151 1263 4202 12.
