<?xml version="1.0" encoding="UTF-8"?>
<!DOCTYPE html PUBLIC "-//W3C//DTD XHTML 1.0 Transitional//EN"
    "http://www.w3.org/TR/xhtml1/DTD/xhtml1-transitional.dtd">
<html xmlns="http://www.w3.org/1999/xhtml" xml:lang="en" lang="en">
 <head>
  <title>
</title>
<meta http-equiv="Content-Type" content="text/html;charset=utf-8" />
  <meta name='ocr-system' content='tesseract 3.04.00' />
  <meta name='ocr-capabilities' content='ocr_page ocr_carea ocr_par ocr_line ocrx_word'/>
</head>
<body>
  <div class='ocr_page' id='page_1' title='image "./symbolaeadeumen00meisgoog_0086.png"; bbox 0 0 3308 5000; ppageno 0'>
   <div class='ocr_carea' id='block_1_1' title="bbox 657 400 867 480">
    <p class='ocr_par' dir='ltr' id='par_1_1' title="bbox 657 400 867 480">
     <span class='ocr_line' id='line_1_1' title="bbox 657 400 867 480; baseline 0 -38"><span class='ocrx_word' id='word_1_1' title='bbox 657 400 867 480; x_wconf 68' lang='grc' dir='ltr'><strong>..ῃ-</strong></span> 
     </span>
    </p>
   </div>
   <div class='ocr_carea' id='block_1_2' title="bbox 175 563 1333 2482">
    <p class='ocr_par' dir='ltr' id='par_1_2' title="bbox 175 563 1333 2482">
     <span class='ocr_line' id='line_1_2' title="bbox 175 563 1333 649; baseline 0.007 -20"><span class='ocrx_word' id='word_1_2' title='bbox 175 563 300 629; x_wconf 88' lang='lat' dir='ltr'><strong>socium</strong></span> <span class='ocrx_word' id='word_1_3' title='bbox 322 571 460 648; x_wconf 89' lang='lat' dir='ltr'><strong>urgeret,</strong></span> <span class='ocrx_word' id='word_1_4' title='bbox 483 566 662 632; x_wconf 88' lang='lat' dir='ltr'><strong>Ptolemaei</strong></span> <span class='ocrx_word' id='word_1_5' title='bbox 678 565 800 649; x_wconf 87' lang='lat' dir='ltr'><strong>oppido</strong></span> <span class='ocrx_word' id='word_1_6' title='bbox 821 567 899 632; x_wconf 90' lang='lat' dir='ltr'><strong>satis</strong></span> <span class='ocrx_word' id='word_1_7' title='bbox 922 565 1035 632; x_wconf 84' lang='lat' dir='ltr'>habuit</span> <span class='ocrx_word' id='word_1_8' title='bbox 1054 568 1104 632; x_wconf 87' lang='lat' dir='ltr'><strong>sui</strong></span> <span class='ocrx_word' id='word_1_9' title='bbox 1126 568 1205 634; x_wconf 90' lang='lat' dir='ltr'><strong>iuris</strong></span> <span class='ocrx_word' id='word_1_10' title='bbox 1228 569 1333 637; x_wconf 86' lang='lat' dir='ltr'><strong>lacere</strong></span> 
     </span>
     <span class='ocr_line' id='line_1_3' title="bbox 175 663 1333 752; baseline 0.005 -22"><span class='ocrx_word' id='word_1_11' title='bbox 175 665 282 747; x_wconf 87' lang='lat' dir='ltr'><strong>iisque</strong></span> <span class='ocrx_word' id='word_1_12' title='bbox 315 667 481 750; x_wconf 86' lang='lat' dir='ltr'><strong>praesidia</strong></span> <span class='ocrx_word' id='word_1_13' title='bbox 513 668 689 752; x_wconf 78' lang='lat' dir='ltr'><strong>imponere.</strong></span> <span class='ocrx_word' id='word_1_14' title='bbox 734 663 854 733; x_wconf 76' lang='lat' dir='ltr'><strong>Contra</strong></span> <span class='ocrx_word' id='word_1_15' title='bbox 882 668 1035 751; x_wconf 87' lang='lat' dir='ltr'><strong>Romani,</strong></span> <span class='ocrx_word' id='word_1_16' title='bbox 1070 669 1126 752; x_wconf 91' lang='lat' dir='ltr'><strong>qui</strong></span> <span class='ocrx_word' id='word_1_17' title='bbox 1154 675 1229 736; x_wconf 86' lang='lat' dir='ltr'><strong>ante</strong></span> <span class='ocrx_word' id='word_1_18' title='bbox 1258 671 1333 737; x_wconf 91' lang='lat' dir='ltr'><strong>Phi·</strong></span> 
     </span>
     <span class='ocr_line' id='line_1_4' title="bbox 176 767 1330 856; baseline 0.007 -26"><span class='ocrx_word' id='word_1_19' title='bbox 176 767 304 850; x_wconf 91' lang='lat' dir='ltr'><strong>lippum</strong></span> <span class='ocrx_word' id='word_1_20' title='bbox 319 768 439 836; x_wconf 86' lang='lat' dir='ltr'><strong>victum</strong></span> <span class='ocrx_word' id='word_1_21' title='bbox 462 769 686 854; x_wconf 80' lang='lat' dir='ltr'>providebant,</span> <span class='ocrx_word' id='word_1_22' title='bbox 710 788 750 834; x_wconf 92' lang='lat' dir='ltr'><strong>ne</strong></span> <span class='ocrx_word' id='word_1_23' title='bbox 764 767 926 834; x_wconf 76' lang='lat' dir='ltr'><strong>Antiocho</strong></span> <span class='ocrx_word' id='word_1_24' title='bbox 948 771 1026 836; x_wconf 90' lang='lat' dir='ltr'><strong>belli</strong></span> <span class='ocrx_word' id='word_1_25' title='bbox 1049 770 1217 836; x_wconf 89' lang='lat' dir='ltr'><strong>materiam</strong></span> <span class='ocrx_word' id='word_1_26' title='bbox 1239 792 1330 856; x_wconf 91' lang='lat' dir='ltr'><strong>prae-</strong></span> 
     </span>
     <span class='ocr_line' id='line_1_5' title="bbox 175 869 1332 956; baseline 0.004 -23"><span class='ocrx_word' id='word_1_27' title='bbox 175 869 306 953; x_wconf 84' lang='lat' dir='ltr'><strong>berent,</strong></span> <span class='ocrx_word' id='word_1_28' title='bbox 336 871 503 938; x_wconf 86' lang='lat' dir='ltr'><strong>adversari</strong></span> <span class='ocrx_word' id='word_1_29' title='bbox 530 872 559 938; x_wconf 88' lang='lat' dir='ltr'><strong>ei</strong></span> <span class='ocrx_word' id='word_1_30' title='bbox 590 878 772 956; x_wconf 80' lang='lat' dir='ltr'><strong>cooperunt.</strong></span> <span class='ocrx_word' id='word_1_31' title='bbox 818 870 887 936; x_wconf 88' lang='lat' dir='ltr'><strong>Iam</strong></span> <span class='ocrx_word' id='word_1_32' title='bbox 917 877 992 937; x_wconf 90' lang='lat' dir='ltr'><strong>ante</strong></span> <span class='ocrx_word' id='word_1_33' title='bbox 1014 871 1149 939; x_wconf 92' lang='lat' dir='ltr'><strong>Isthmia</strong></span> <span class='ocrx_word' id='word_1_34' title='bbox 1171 874 1247 938; x_wconf 89' lang='lat' dir='ltr'><strong>anui</strong></span> <span class='ocrx_word' id='word_1_35' title='bbox 1274 877 1332 940; x_wconf 79' lang='grc'><strong>196</strong></span> 
     </span>
     <span class='ocr_line' id='line_1_6' title="bbox 176 970 1331 1058; baseline 0.003 -20"><span class='ocrx_word' id='word_1_36' title='bbox 176 991 205 1038; x_wconf 87' lang='lat' dir='ltr'><strong>a.</strong></span> <span class='ocrx_word' id='word_1_37' title='bbox 223 970 299 1037; x_wconf 84' lang='lat' dir='ltr'><strong>Ghr.</strong></span> <span class='ocrx_word' id='word_1_38' title='bbox 316 993 346 1038; x_wconf 96' lang='lat' dir='ltr'><strong>n.</strong></span> <span class='ocrx_word' id='word_1_39' title='bbox 369 972 548 1039; x_wconf 80' lang='lat' dir='ltr'><strong>Antiochus</strong></span> <span class='ocrx_word' id='word_1_40' title='bbox 564 973 832 1058; x_wconf 87' lang='lat' dir='ltr'><strong>Hegesianactem</strong></span> <span class='ocrx_word' id='word_1_41' title='bbox 856 979 888 1038; x_wconf 91' lang='lat' dir='ltr'><strong>et</strong></span> <span class='ocrx_word' id='word_1_42' title='bbox 903 973 1035 1056; x_wconf 86' lang='lat' dir='ltr'><strong>Lysiam</strong></span> <span class='ocrx_word' id='word_1_43' title='bbox 1056 974 1182 1057; x_wconf 86' lang='lat' dir='ltr'><strong>legatos</strong></span> <span class='ocrx_word' id='word_1_44' title='bbox 1198 975 1331 1041; x_wconf 88' lang='lat' dir='ltr'><strong>Romam</strong></span> 
     </span>
     <span class='ocr_line' id='line_1_7' title="bbox 176 1074 1333 1160; baseline 0.004 -22"><span class='ocrx_word' id='word_1_45' title='bbox 176 1075 320 1154; x_wconf 89' lang='lat' dir='ltr'><strong>miserat,</strong></span> <span class='ocrx_word' id='word_1_46' title='bbox 344 1076 399 1156; x_wconf 88' lang='lat' dir='ltr'><strong>qui</strong></span> <span class='ocrx_word' id='word_1_47' title='bbox 422 1075 544 1140; x_wconf 85' lang='lat' dir='ltr'><strong>Romae</strong></span> <span class='ocrx_word' id='word_1_48' title='bbox 566 1094 617 1140; x_wconf 88' lang='lat' dir='ltr'><strong>res</strong></span> <span class='ocrx_word' id='word_1_49' title='bbox 635 1074 802 1156; x_wconf 81' lang='lat' dir='ltr'><strong>Asiaticae,</strong></span> <span class='ocrx_word' id='word_1_50' title='bbox 827 1080 863 1138; x_wconf 90' lang='lat' dir='ltr'><strong>ut</strong></span> <span class='ocrx_word' id='word_1_51' title='bbox 885 1076 1008 1159; x_wconf 92' lang='lat' dir='ltr'><strong>opinor,</strong></span> <span class='ocrx_word' id='word_1_52' title='bbox 1032 1075 1232 1160; x_wconf 83' lang='lat' dir='ltr'><strong>expedirent,</strong></span> <span class='ocrx_word' id='word_1_53' title='bbox 1256 1079 1333 1160; x_wconf 90' lang='lat' dir='ltr'><strong>quia</strong></span> 
     </span>
     <span class='ocr_line' id='line_1_8' title="bbox 177 1174 1332 1262; baseline 0.003 -21"><span class='ocrx_word' id='word_1_54' title='bbox 177 1176 352 1242; x_wconf 86' lang='lat' dir='ltr'><strong>nonnullae</strong></span> <span class='ocrx_word' id='word_1_55' title='bbox 374 1176 554 1243; x_wconf 88' lang='lat' dir='ltr'><strong>Ptolemaei</strong></span> <span class='ocrx_word' id='word_1_56' title='bbox 584 1176 731 1242; x_wconf 86' lang='lat' dir='ltr'><strong>civitates</strong></span> <span class='ocrx_word' id='word_1_57' title='bbox 761 1174 958 1262; x_wconf 90' lang='lat' dir='ltr'><strong>aPhilippo</strong></span> <span class='ocrx_word' id='word_1_58' title='bbox 988 1185 1191 1260; x_wconf 85' lang='lat' dir='ltr'><strong>expugnatae</strong></span> <span class='ocrx_word' id='word_1_59' title='bbox 1222 1179 1255 1244; x_wconf 91' lang='lat' dir='ltr'><strong>iu</strong></span> <span class='ocrx_word' id='word_1_60' title='bbox 1284 1180 1332 1245; x_wconf 88' lang='lat' dir='ltr'><strong>di·</strong></span> 
     </span>
     <span class='ocr_line' id='line_1_9' title="bbox 178 1275 1330 1362; baseline 0.003 -18"><span class='ocrx_word' id='word_1_61' title='bbox 178 1279 304 1344; x_wconf 90' lang='lat' dir='ltr'><strong>cionem</strong></span> <span class='ocrx_word' id='word_1_62' title='bbox 327 1277 494 1362; x_wconf 85' lang='lat' dir='ltr'><strong>Syriacam</strong></span> <span class='ocrx_word' id='word_1_63' title='bbox 517 1284 681 1344; x_wconf 87' lang='lat' dir='ltr'><strong>venerant.</strong></span> <span class='ocrx_word' id='word_1_64' title='bbox 720 1275 787 1343; x_wconf 85' lang='lat' dir='ltr'><strong>Sed</strong></span> <span class='ocrx_word' id='word_1_65' title='bbox 809 1297 881 1344; x_wconf 88' lang='lat' dir='ltr'><strong>cnm</strong></span> <span class='ocrx_word' id='word_1_66' title='bbox 905 1285 1034 1344; x_wconf 87' lang='lat' dir='ltr'><strong>senatus</strong></span> <span class='ocrx_word' id='word_1_67' title='bbox 1056 1276 1100 1343; x_wconf 86' lang='lat' dir='ltr'><strong>ad</strong></span> <span class='ocrx_word' id='word_1_68' title='bbox 1122 1299 1173 1346; x_wconf 90' lang='lat' dir='ltr'><strong>res</strong></span> <span class='ocrx_word' id='word_1_69' title='bbox 1189 1279 1330 1360; x_wconf 82' lang='lat' dir='ltr'><strong>Graecas</strong></span> 
     </span>
     <span class='ocr_line' id='line_1_10' title="bbox 178 1378 1332 1462; baseline 0.004 -18"><span class='ocrx_word' id='word_1_70' title='bbox 178 1379 375 1446; x_wconf 89' lang='lat' dir='ltr'><strong>ordinandus</strong></span> <span class='ocrx_word' id='word_1_71' title='bbox 406 1380 519 1447; x_wconf 87' lang='lat' dir='ltr'><strong>decem</strong></span> <span class='ocrx_word' id='word_1_72' title='bbox 548 1381 674 1462; x_wconf 81' lang='lat' dir='ltr'><strong>legatos</strong></span> <span class='ocrx_word' id='word_1_73' title='bbox 703 1378 745 1445; x_wconf 89' lang='lat' dir='ltr'><strong>ad</strong></span> <span class='ocrx_word' id='word_1_74' title='bbox 774 1379 811 1442; x_wconf 98' lang='grc' dir='ltr'><strong>Τ.</strong></span> <span class='ocrx_word' id='word_1_75' title='bbox 835 1378 1020 1457; x_wconf 83' lang='lat' dir='ltr'><strong>Quinctium</strong></span> <span class='ocrx_word' id='word_1_76' title='bbox 1049 1378 1266 1449; x_wconf 81' lang='lat' dir='ltr'><strong>Flamininum</strong></span> <span class='ocrx_word' id='word_1_77' title='bbox 1299 1384 1332 1448; x_wconf 92' lang='lat' dir='ltr'><strong>in</strong></span> 
     </span>
     <span class='ocr_line' id='line_1_11' title="bbox 177 1479 1331 1566; baseline 0.003 -19"><span class='ocrx_word' id='word_1_78' title='bbox 177 1481 350 1548; x_wconf 81' lang='lat' dir='ltr'><strong>Graeciam</strong></span> <span class='ocrx_word' id='word_1_79' title='bbox 365 1483 514 1566; x_wconf 83' lang='lat' dir='ltr'><strong>misisset,</strong></span> <span class='ocrx_word' id='word_1_80' title='bbox 538 1482 612 1566; x_wconf 91' lang='lat' dir='ltr'><strong>Syri</strong></span> <span class='ocrx_word' id='word_1_81' title='bbox 633 1479 678 1546; x_wconf 88' lang='lat' dir='ltr'><strong>ad</strong></span> <span class='ocrx_word' id='word_1_82' title='bbox 700 1480 775 1546; x_wconf 92' lang='lat' dir='ltr'><strong>illos</strong></span> <span class='ocrx_word' id='word_1_83' title='bbox 790 1481 952 1547; x_wconf 89' lang='lat' dir='ltr'><strong>Romanos</strong></span> <span class='ocrx_word' id='word_1_84' title='bbox 975 1488 1048 1546; x_wconf 88' lang='lat' dir='ltr'><strong>sunt</strong></span> <span class='ocrx_word' id='word_1_85' title='bbox 1071 1481 1222 1565; x_wconf 88' lang='lat' dir='ltr'><strong>delegati.</strong></span> <span class='ocrx_word' id='word_1_86' title='bbox 1259 1483 1331 1562; x_wconf 81' lang='lat' dir='ltr'><strong>Quo</strong></span> 
     </span>
     <span class='ocr_line' id='line_1_12' title="bbox 176 1580 1331 1666; baseline 0.004 -19"><span class='ocrx_word' id='word_1_87' title='bbox 176 1584 297 1650; x_wconf 86' lang='lat' dir='ltr'><strong>foetum</strong></span> <span class='ocrx_word' id='word_1_88' title='bbox 321 1591 379 1666; x_wconf 90' lang='lat' dir='ltr'><strong>est,</strong></span> <span class='ocrx_word' id='word_1_89' title='bbox 408 1593 444 1649; x_wconf 92' lang='lat' dir='ltr'><strong>ut</strong></span> <span class='ocrx_word' id='word_1_90' title='bbox 464 1586 503 1649; x_wconf 89' lang='grc' dir='ltr'><strong>Τ.</strong></span> <span class='ocrx_word' id='word_1_91' title='bbox 527 1583 695 1662; x_wconf 80' lang='lat' dir='ltr'><strong>Quinctius</strong></span> <span class='ocrx_word' id='word_1_92' title='bbox 718 1580 860 1650; x_wconf 87' lang='lat' dir='ltr'><strong>Isthmiis</strong></span> <span class='ocrx_word' id='word_1_93' title='bbox 888 1583 970 1649; x_wconf 90' lang='lat' dir='ltr'><strong>actis</strong></span> <span class='ocrx_word' id='word_1_94' title='bbox 1000 1584 1142 1650; x_wconf 87' lang='lat' dir='ltr'><strong>cumeis</strong></span> <span class='ocrx_word' id='word_1_95' title='bbox 1170 1584 1212 1651; x_wconf 90' lang='lat' dir='ltr'><strong>de</strong></span> <span class='ocrx_word' id='word_1_96' title='bbox 1233 1586 1331 1652; x_wconf 90' lang='lat' dir='ltr'><strong>Asiae</strong></span> 
     </span>
     <span class='ocr_line' id='line_1_13' title="bbox 176 1684 1331 1771; baseline 0.003 -21"><span class='ocrx_word' id='word_1_97' title='bbox 176 1684 307 1768; x_wconf 94' lang='lat' dir='ltr'><strong>oppidis</strong></span> <span class='ocrx_word' id='word_1_98' title='bbox 331 1685 527 1770; x_wconf 85' lang='lat' dir='ltr'><strong>disceptaret</strong></span> <span class='ocrx_word' id='word_1_99' title='bbox 548 1687 653 1769; x_wconf 90' lang='lat' dir='ltr'><strong>iisque</strong></span> <span class='ocrx_word' id='word_1_100' title='bbox 675 1684 891 1750; x_wconf 85' lang='lat' dir='ltr'><strong>Romanorum</strong></span> <span class='ocrx_word' id='word_1_101' title='bbox 920 1686 1083 1770; x_wconf 86' lang='lat' dir='ltr'><strong>postulata</strong></span> <span class='ocrx_word' id='word_1_102' title='bbox 1112 1684 1331 1771; x_wconf 85' lang='lat' dir='ltr'><strong>demandaret,</strong></span> 
     </span>
     <span class='ocr_line' id='line_1_14' title="bbox 176 1785 1331 1870; baseline 0.003 -18"><span class='ocrx_word' id='word_1_103' title='bbox 176 1806 261 1870; x_wconf 91' lang='lat' dir='ltr'><strong>quae</strong></span> <span class='ocrx_word' id='word_1_104' title='bbox 284 1786 439 1870; x_wconf 89' lang='lat' dir='ltr'><strong>Polybius</strong></span> <span class='ocrx_word' id='word_1_105' title='bbox 462 1788 580 1853; x_wconf 91' lang='lat' dir='ltr'>XVIII.</span> <span class='ocrx_word' id='word_1_106' title='bbox 604 1789 644 1850; x_wconf 85' lang='grc'><strong>47</strong></span> <span class='ocrx_word' id='word_1_107' title='bbox 667 1785 750 1864; x_wconf 82' lang='lat' dir='ltr'><strong>(Liv.</strong></span> <span class='ocrx_word' id='word_1_108' title='bbox 766 1785 921 1852; x_wconf 87' lang='lat' dir='ltr'>XXXIII.</span> <span class='ocrx_word' id='word_1_109' title='bbox 946 1787 999 1863; x_wconf 81' lang='lat'><strong>34)</strong></span> <span class='ocrx_word' id='word_1_110' title='bbox 1029 1789 1206 1855; x_wconf 89' lang='lat' dir='ltr'><strong>memoriae</strong></span> <span class='ocrx_word' id='word_1_111' title='bbox 1234 1791 1331 1855; x_wconf 89' lang='lat' dir='ltr'><strong>tradi·</strong></span> 
     </span>
     <span class='ocr_line' id='line_1_15' title="bbox 177 1888 1330 1974; baseline 0.003 -20"><span class='ocrx_word' id='word_1_112' title='bbox 177 1890 235 1954; x_wconf 91' lang='lat' dir='ltr'><strong>dit.</strong></span> <span class='ocrx_word' id='word_1_113' title='bbox 282 1889 378 1955; x_wconf 91' lang='lat' dir='ltr'><strong>Haud</strong></span> <span class='ocrx_word' id='word_1_114' title='bbox 401 1892 502 1955; x_wconf 90' lang='lat' dir='ltr'><strong>multo</strong></span> <span class='ocrx_word' id='word_1_115' title='bbox 525 1895 599 1974; x_wconf 89' lang='lat' dir='ltr'><strong>post</strong></span> <span class='ocrx_word' id='word_1_116' title='bbox 620 1889 696 1954; x_wconf 90' lang='lat' dir='ltr'><strong>illos</strong></span> <span class='ocrx_word' id='word_1_117' title='bbox 719 1888 869 1954; x_wconf 90' lang='lat' dir='ltr'><strong>dimissos</strong></span> <span class='ocrx_word' id='word_1_118' title='bbox 892 1889 928 1952; x_wconf 96' lang='grc' dir='ltr'><strong>Ρ.</strong></span> <span class='ocrx_word' id='word_1_119' title='bbox 946 1888 1071 1971; x_wconf 90' lang='lat' dir='ltr'><strong>Villius,</strong></span> <span class='ocrx_word' id='word_1_120' title='bbox 1097 1890 1132 1954; x_wconf 86' lang='lat' dir='ltr'><strong>P.</strong></span> <span class='ocrx_word' id='word_1_121' title='bbox 1150 1892 1330 1974; x_wconf 80' lang='lat' dir='ltr'><strong>Terentius,</strong></span> 
     </span>
     <span class='ocr_line' id='line_1_16' title="bbox 177 1988 1331 2075; baseline 0.001 -18"><span class='ocrx_word' id='word_1_122' title='bbox 177 1993 211 2057; x_wconf 93' lang='grc' dir='ltr'><strong>Ρ.</strong></span> <span class='ocrx_word' id='word_1_123' title='bbox 235 1992 391 2058; x_wconf 88' lang='lat' dir='ltr'><strong>Lentulus</strong></span> <span class='ocrx_word' id='word_1_124' title='bbox 425 1991 560 2075; x_wconf 86' lang='lat' dir='ltr'><strong>profecti</strong></span> <span class='ocrx_word' id='word_1_125' title='bbox 594 1994 668 2056; x_wconf 91' lang='lat' dir='ltr'><strong>sunt</strong></span> <span class='ocrx_word' id='word_1_126' title='bbox 699 1988 742 2054; x_wconf 92' lang='lat' dir='ltr'><strong>ad</strong></span> <span class='ocrx_word' id='word_1_127' title='bbox 772 1988 984 2071; x_wconf 87' lang='lat' dir='ltr'><strong>Antiochum,</strong></span> <span class='ocrx_word' id='word_1_128' title='bbox 1020 1992 1075 2073; x_wconf 89' lang='lat' dir='ltr'><strong>qui</strong></span> <span class='ocrx_word' id='word_1_129' title='bbox 1105 1989 1331 2073; x_wconf 88' lang='lat' dir='ltr'><strong>Lysimachiae</strong></span> 
     </span>
     <span class='ocr_line' id='line_1_17' title="bbox 178 2091 1331 2178; baseline -0.001 -18"><span class='ocrx_word' id='word_1_130' title='bbox 178 2095 454 2178; x_wconf 86' lang='lat' dir='ltr'><strong>commorabatur,¹</strong></span> <span class='ocrx_word' id='word_1_131' title='bbox 470 2112 566 2176; x_wconf 88' lang='lat' dir='ltr'><strong>quam</strong></span> <span class='ocrx_word' id='word_1_132' title='bbox 583 2093 694 2157; x_wconf 86' lang='lat' dir='ltr'><strong>urbem</strong></span> <span class='ocrx_word' id='word_1_133' title='bbox 710 2092 752 2156; x_wconf 90' lang='lat' dir='ltr'><strong>de</strong></span> <span class='ocrx_word' id='word_1_134' title='bbox 767 2091 891 2172; x_wconf 88' lang='lat' dir='ltr'><strong>integro</strong></span> <span class='ocrx_word' id='word_1_135' title='bbox 908 2091 1093 2158; x_wconf 89' lang='lat' dir='ltr'><strong>conditurus</strong></span> <span class='ocrx_word' id='word_1_136' title='bbox 1110 2099 1187 2158; x_wconf 84' lang='lat' dir='ltr'><strong>crat.</strong></span> <span class='ocrx_word' id='word_1_137' title='bbox 1225 2096 1331 2176; x_wconf 89' lang='lat' dir='ltr'><strong>Atque</strong></span> 
     </span>
     <span class='ocr_line' id='line_1_18' title="bbox 178 2191 1332 2278; baseline -0.002 -16"><span class='ocrx_word' id='word_1_138' title='bbox 178 2195 292 2262; x_wconf 90' lang='lat' dir='ltr'><strong>eodem</strong></span> <span class='ocrx_word' id='word_1_139' title='bbox 320 2197 387 2262; x_wconf 85' lang='lat' dir='ltr'><strong>fere</strong></span> <span class='ocrx_word' id='word_1_140' title='bbox 418 2201 563 2278; x_wconf 90' lang='lat' dir='ltr'><strong>tempore</strong></span> <span class='ocrx_word' id='word_1_141' title='bbox 590 2213 632 2258; x_wconf 91' lang='lat' dir='ltr'><strong>ex</strong></span> <span class='ocrx_word' id='word_1_142' title='bbox 661 2191 799 2258; x_wconf 82' lang='lat' dir='ltr'><strong>Graecia</strong></span> <span class='ocrx_word' id='word_1_143' title='bbox 828 2210 865 2256; x_wconf 89' lang='lat' dir='ltr'><strong>eo</strong></span> <span class='ocrx_word' id='word_1_144' title='bbox 895 2192 1095 2259; x_wconf 87' lang='lat' dir='ltr'><strong>advenerunt</strong></span> <span class='ocrx_word' id='word_1_145' title='bbox 1124 2194 1332 2276; x_wconf 81' lang='lat' dir='ltr'><strong>Hegesianax</strong></span> 
     </span>
     <span class='ocr_line' id='line_1_19' title="bbox 178 2295 1330 2382; baseline -0.001 -19"><span class='ocrx_word' id='word_1_146' title='bbox 178 2298 358 2382; x_wconf 90' lang='lat' dir='ltr'><strong>Lysiasque</strong></span> <span class='ocrx_word' id='word_1_147' title='bbox 381 2303 413 2362; x_wconf 93' lang='lat' dir='ltr'><strong>et</strong></span> <span class='ocrx_word' id='word_1_148' title='bbox 435 2298 471 2361; x_wconf 93' lang='grc' dir='ltr'><strong>Ρ.</strong></span> <span class='ocrx_word' id='word_1_149' title='bbox 489 2295 665 2376; x_wconf 83' lang='lat' dir='ltr'><strong>Cornelius,</strong></span> <span class='ocrx_word' id='word_1_150' title='bbox 690 2313 784 2377; x_wconf 89' lang='lat' dir='ltr'><strong>quem</strong></span> <span class='ocrx_word' id='word_1_151' title='bbox 808 2301 936 2360; x_wconf 87' lang='lat' dir='ltr'><strong>senatus</strong></span> <span class='ocrx_word' id='word_1_152' title='bbox 960 2301 1137 2362; x_wconf 92' lang='lat' dir='ltr'><strong>commotus</strong></span> <span class='ocrx_word' id='word_1_153' title='bbox 1153 2296 1330 2362; x_wconf 86' lang='lat' dir='ltr'><strong>Ptolemaei</strong></span> 
     </span>
     <span class='ocr_line' id='line_1_20' title="bbox 177 2396 1331 2482; baseline 0 -18"><span class='ocrx_word' id='word_1_154' title='bbox 177 2396 357 2482; x_wconf 82' lang='lat' dir='ltr'><strong>Epiphanio</strong></span> <span class='ocrx_word' id='word_1_155' title='bbox 380 2397 530 2480; x_wconf 90' lang='lat' dir='ltr'><strong>precibus</strong></span> <span class='ocrx_word' id='word_1_156' title='bbox 554 2399 695 2480; x_wconf 88' lang='lat' dir='ltr'><strong>miserat,</strong></span> <span class='ocrx_word' id='word_1_157' title='bbox 710 2403 745 2462; x_wconf 91' lang='lat' dir='ltr'><strong>ut</strong></span> <span class='ocrx_word' id='word_1_158' title='bbox 761 2397 996 2462; x_wconf 87' lang='lat' dir='ltr'><strong>controversias</strong></span> <span class='ocrx_word' id='word_1_159' title='bbox 1011 2399 1095 2462; x_wconf 91' lang='lat' dir='ltr'><strong>inter</strong></span> <span class='ocrx_word' id='word_1_160' title='bbox 1109 2397 1331 2464; x_wconf 88' lang='lat' dir='ltr'><strong>Ptolemaeum</strong></span> 
     </span>
    </p>
   </div>
   <div class='ocr_carea' id='block_1_3' title="bbox 44 2497 1330 2583">
    <p class='ocr_par' dir='ltr' id='par_1_3' title="bbox 44 2497 1330 2583">
     <span class='ocr_line' id='line_1_21' title="bbox 44 2497 1330 2583; baseline -0.001 -18"><span class='ocrx_word' id='word_1_161' title='bbox 44 2513 47 2520; x_wconf 79' lang='grc'>’</span> <span class='ocrx_word' id='word_1_162' title='bbox 178 2509 209 2566; x_wconf 92' lang='lat' dir='ltr'><strong>et</strong></span> <span class='ocrx_word' id='word_1_163' title='bbox 223 2498 418 2566; x_wconf 87' lang='lat' dir='ltr'><strong>Antiochum</strong></span> <span class='ocrx_word' id='word_1_164' title='bbox 441 2499 482 2565; x_wconf 91' lang='lat' dir='ltr'><strong>de</strong></span> <span class='ocrx_word' id='word_1_165' title='bbox 498 2499 597 2566; x_wconf 79' lang='lat' dir='ltr'><strong>Coele</strong></span> <span class='ocrx_word' id='word_1_166' title='bbox 613 2497 710 2582; x_wconf 83' lang='lat' dir='ltr'><strong>Syria</strong></span> <span class='ocrx_word' id='word_1_167' title='bbox 733 2506 765 2563; x_wconf 87' lang='lat' dir='ltr'><strong>ct</strong></span> <span class='ocrx_word' id='word_1_168' title='bbox 786 2497 902 2564; x_wconf 82' lang='lat' dir='ltr'><strong>Cilicia</strong></span> <span class='ocrx_word' id='word_1_169' title='bbox 924 2504 1011 2566; x_wconf 85' lang='lat' dir='ltr'><strong>ortas</strong></span> <span class='ocrx_word' id='word_1_170' title='bbox 1034 2505 1241 2583; x_wconf 89' lang='lat' dir='ltr'><strong>componeret</strong></span> <span class='ocrx_word' id='word_1_171' title='bbox 1263 2501 1330 2578; x_wconf 89' lang='lat' dir='ltr'><strong>(cfr.</strong></span> 
     </span>
    </p>
   </div>
   <div class='ocr_carea' id='block_1_4' title="bbox 176 2598 1331 4213">
    <p class='ocr_par' dir='ltr' id='par_1_4' title="bbox 176 2598 1331 3909">
     <span class='ocr_line' id='line_1_22' title="bbox 176 2598 1331 2685; baseline 0 -19"><span class='ocrx_word' id='word_1_172' title='bbox 176 2601 291 2685; x_wconf 83' lang='lat' dir='ltr'><strong>Polyb.</strong></span> <span class='ocrx_word' id='word_1_173' title='bbox 317 2601 435 2665; x_wconf 91' lang='lat' dir='ltr'>XVIII.</span> <span class='ocrx_word' id='word_1_174' title='bbox 464 2604 597 2684; x_wconf 68' lang='lat' dir='ltr'><strong>lesqq,</strong></span> <span class='ocrx_word' id='word_1_175' title='bbox 627 2599 697 2664; x_wconf 88' lang='lat' dir='ltr'><strong>Liv.</strong></span> <span class='ocrx_word' id='word_1_176' title='bbox 720 2598 875 2664; x_wconf 89' lang='lat' dir='ltr'>XXXIII.</span> <span class='ocrx_word' id='word_1_177' title='bbox 900 2601 950 2683; x_wconf 79' lang='lat'><strong>39,</strong></span> <span class='ocrx_word' id='word_1_178' title='bbox 983 2600 1076 2667; x_wconf 88' lang='lat' dir='ltr'><strong>Diod.</strong></span> <span class='ocrx_word' id='word_1_179' title='bbox 1099 2601 1252 2684; x_wconf 89' lang='lat' dir='ltr'>XXVIII,</span> <span class='ocrx_word' id='word_1_180' title='bbox 1283 2604 1331 2685; x_wconf 85' lang='lat'><strong>13,</strong></span> 
     </span>
     <span class='ocr_line' id='line_1_23' title="bbox 177 2701 1331 2789; baseline -0.002 -17"><span class='ocrx_word' id='word_1_181' title='bbox 177 2703 451 2789; x_wconf 80' lang='lat' dir='ltr'><strong>App.Syr.2sq.).</strong></span> <span class='ocrx_word' id='word_1_182' title='bbox 482 2701 583 2768; x_wconf 86' lang='lat' dir='ltr'><strong>Plane</strong></span> <span class='ocrx_word' id='word_1_183' title='bbox 599 2707 632 2767; x_wconf 89' lang='lat' dir='ltr'><strong>et</strong></span> <span class='ocrx_word' id='word_1_184' title='bbox 646 2707 758 2783; x_wconf 88' lang='lat' dir='ltr'><strong>aperte</strong></span> <span class='ocrx_word' id='word_1_185' title='bbox 780 2701 826 2766; x_wconf 91' lang='lat' dir='ltr'><strong>ibi</strong></span> <span class='ocrx_word' id='word_1_186' title='bbox 849 2702 1098 2771; x_wconf 84' lang='lat' dir='ltr'><strong>aRomanorum</strong></span> <span class='ocrx_word' id='word_1_187' title='bbox 1121 2705 1237 2786; x_wconf 87' lang='lat' dir='ltr'><strong>legatis</strong></span> <span class='ocrx_word' id='word_1_188' title='bbox 1259 2724 1331 2787; x_wconf 93' lang='lat' dir='ltr'><strong>pro·</strong></span> 
     </span>
     <span class='ocr_line' id='line_1_24' title="bbox 177 2803 1331 2888; baseline -0.005 -14"><span class='ocrx_word' id='word_1_189' title='bbox 177 2811 244 2874; x_wconf 89' lang='lat' dir='ltr'><strong>lata</strong></span> <span class='ocrx_word' id='word_1_190' title='bbox 266 2812 354 2888; x_wconf 92' lang='lat' dir='ltr'><strong>suut,</strong></span> <span class='ocrx_word' id='word_1_191' title='bbox 385 2824 468 2888; x_wconf 88' lang='lat' dir='ltr'><strong>quae</strong></span> <span class='ocrx_word' id='word_1_192' title='bbox 490 2805 532 2869; x_wconf 91' lang='lat' dir='ltr'><strong>ab</strong></span> <span class='ocrx_word' id='word_1_193' title='bbox 554 2803 714 2869; x_wconf 88' lang='lat' dir='ltr'><strong>Antiocho</strong></span> <span class='ocrx_word' id='word_1_194' title='bbox 744 2804 1047 2886; x_wconf 86' lang='lat' dir='ltr'><strong>expostulabantur,</strong></span> <span class='ocrx_word' id='word_1_195' title='bbox 1076 2806 1134 2870; x_wconf 92' lang='lat' dir='ltr'><strong>sed</strong></span> <span class='ocrx_word' id='word_1_196' title='bbox 1157 2805 1212 2869; x_wconf 88' lang='lat' dir='ltr'><strong>ille</strong></span> <span class='ocrx_word' id='word_1_197' title='bbox 1235 2807 1331 2887; x_wconf 87' lang='lat' dir='ltr'><strong>tergi·</strong></span> 
     </span>
     <span class='ocr_line' id='line_1_25' title="bbox 177 2899 1331 2991; baseline -0.003 -15"><span class='ocrx_word' id='word_1_198' title='bbox 177 2915 323 2977; x_wconf 82' lang='lat' dir='ltr'><strong>versatus</strong></span> <span class='ocrx_word' id='word_1_199' title='bbox 346 2927 381 2974; x_wconf 87' lang='lat' dir='ltr'><strong>se</strong></span> <span class='ocrx_word' id='word_1_200' title='bbox 403 2909 518 2991; x_wconf 90' lang='lat' dir='ltr'><strong>ipsum,</strong></span> <span class='ocrx_word' id='word_1_201' title='bbox 542 2908 694 2988; x_wconf 87' lang='lat' dir='ltr'><strong>quoniam</strong></span> <span class='ocrx_word' id='word_1_202' title='bbox 713 2899 790 2971; x_wconf 85' lang='lat' dir='ltr'><strong>‘sibi</strong></span> <span class='ocrx_word' id='word_1_203' title='bbox 817 2925 889 2970; x_wconf 90' lang='lat' dir='ltr'><strong>enm</strong></span> <span class='ocrx_word' id='word_1_204' title='bbox 911 2906 1097 2971; x_wconf 89' lang='lat' dir='ltr'><strong>Ptolemaeo</strong></span> <span class='ocrx_word' id='word_1_205' title='bbox 1127 2911 1160 2971; x_wconf 90' lang='lat' dir='ltr'><strong>et</strong></span> <span class='ocrx_word' id='word_1_206' title='bbox 1188 2906 1331 2972; x_wconf 84' lang='lat' dir='ltr'><strong>amicitIa</strong></span> 
     </span>
     <span class='ocr_line' id='line_1_26' title="bbox 177 2998 1330 3091; baseline -0.004 -12"><span class='ocrx_word' id='word_1_207' title='bbox 177 3018 262 3079; x_wconf 87' lang='lat' dir='ltr'><strong>esset</strong></span> <span class='ocrx_word' id='word_1_208' title='bbox 285 3016 318 3076; x_wconf 89' lang='lat' dir='ltr'><strong>ct</strong></span> <span class='ocrx_word' id='word_1_209' title='bbox 338 3009 373 3074; x_wconf 95' lang='lat' dir='ltr'><strong>id</strong></span> <span class='ocrx_word' id='word_1_210' title='bbox 395 3014 522 3091; x_wconf 80' lang='lat' dir='ltr'><strong>ageret,</strong></span> <span class='ocrx_word' id='word_1_211' title='bbox 552 3016 587 3074; x_wconf 93' lang='lat' dir='ltr'><strong>ut</strong></span> <span class='ocrx_word' id='word_1_212' title='bbox 608 3008 700 3073; x_wconf 88' lang='lat' dir='ltr'><strong>brevi</strong></span> <span class='ocrx_word' id='word_1_213' title='bbox 731 3008 827 3072; x_wconf 88' lang='lat' dir='ltr'><strong>etiam</strong></span> <span class='ocrx_word' id='word_1_214' title='bbox 857 3007 996 3072; x_wconf 81' lang='lat' dir='ltr'><strong>affinitas</strong></span> <span class='ocrx_word' id='word_1_215' title='bbox 1027 2998 1231 3090; x_wconf 79' lang='lat' dir='ltr'><strong>iungeretur&#39;,</strong></span> <span class='ocrx_word' id='word_1_216' title='bbox 1261 3009 1330 3074; x_wconf 87' lang='lat' dir='ltr'><strong>sinc</strong></span> 
     </span>
     <span class='ocr_line' id='line_1_27' title="bbox 178 3109 1330 3193; baseline -0.004 -13"><span class='ocrx_word' id='word_1_217' title='bbox 178 3113 331 3180; x_wconf 88' lang='lat' dir='ltr'><strong>Romanis</strong></span> <span class='ocrx_word' id='word_1_218' title='bbox 355 3111 589 3178; x_wconf 87' lang='lat' dir='ltr'><strong>controversias</strong></span> <span class='ocrx_word' id='word_1_219' title='bbox 605 3109 837 3193; x_wconf 88' lang='lat' dir='ltr'><strong>dirempturum</strong></span> <span class='ocrx_word' id='word_1_220' title='bbox 853 3109 945 3190; x_wconf 89' lang='lat' dir='ltr'><strong>dixit,</strong></span> <span class='ocrx_word' id='word_1_221' title='bbox 969 3109 1145 3175; x_wconf 89' lang='lat' dir='ltr'><strong>subiecisse</strong></span> <span class='ocrx_word' id='word_1_222' title='bbox 1167 3116 1274 3175; x_wconf 90' lang='lat' dir='ltr'><strong>autem</strong></span> <span class='ocrx_word' id='word_1_223' title='bbox 1298 3112 1330 3175; x_wconf 91' lang='lat' dir='ltr'><strong>in</strong></span> 
     </span>
     <span class='ocr_line' id='line_1_28' title="bbox 178 3210 1329 3297; baseline -0.003 -15"><span class='ocrx_word' id='word_1_224' title='bbox 178 3217 256 3282; x_wconf 89' lang='lat' dir='ltr'><strong>Asia</strong></span> <span class='ocrx_word' id='word_1_225' title='bbox 279 3213 414 3297; x_wconf 90' lang='lat' dir='ltr'><strong>imperio</strong></span> <span class='ocrx_word' id='word_1_226' title='bbox 443 3232 502 3278; x_wconf 88' lang='lat' dir='ltr'><strong>suo</strong></span> <span class='ocrx_word' id='word_1_227' title='bbox 531 3211 668 3296; x_wconf 88' lang='lat' dir='ltr'><strong>oppida,</strong></span> <span class='ocrx_word' id='word_1_228' title='bbox 699 3230 781 3294; x_wconf 89' lang='lat' dir='ltr'><strong>quae</strong></span> <span class='ocrx_word' id='word_1_229' title='bbox 809 3210 971 3293; x_wconf 88' lang='lat' dir='ltr'><strong>quondam</strong></span> <span class='ocrx_word' id='word_1_230' title='bbox 1001 3211 1157 3276; x_wconf 91' lang='lat' dir='ltr'><strong>maiorum</strong></span> <span class='ocrx_word' id='word_1_231' title='bbox 1186 3213 1329 3279; x_wconf 84' lang='lat' dir='ltr'><strong>luissent.</strong></span> 
     </span>
     <span class='ocr_line' id='line_1_29' title="bbox 179 3313 1331 3398; baseline -0.004 -13"><span class='ocrx_word' id='word_1_232' title='bbox 179 3319 232 3385; x_wconf 87' lang='lat' dir='ltr'><strong>Sic</strong></span> <span class='ocrx_word' id='word_1_233' title='bbox 261 3317 347 3384; x_wconf 91' lang='lat' dir='ltr'><strong>nodo</strong></span> <span class='ocrx_word' id='word_1_234' title='bbox 373 3335 437 3380; x_wconf 92' lang='lat' dir='ltr'><strong>non</strong></span> <span class='ocrx_word' id='word_1_235' title='bbox 468 3314 622 3398; x_wconf 89' lang='lat' dir='ltr'><strong>expedito</strong></span> <span class='ocrx_word' id='word_1_236' title='bbox 652 3315 753 3396; x_wconf 89' lang='lat' dir='ltr'><strong>legati</strong></span> <span class='ocrx_word' id='word_1_237' title='bbox 782 3313 912 3379; x_wconf 95' lang='lat' dir='ltr'><strong>domum</strong></span> <span class='ocrx_word' id='word_1_238' title='bbox 935 3313 1112 3396; x_wconf 87' lang='lat' dir='ltr'><strong>redierunt,</strong></span> <span class='ocrx_word' id='word_1_239' title='bbox 1136 3313 1331 3380; x_wconf 92' lang='lat' dir='ltr'><strong>Antiochum</strong></span> 
     </span>
     <span class='ocr_line' id='line_1_30' title="bbox 176 3409 1330 3501; baseline -0.003 -16"><span class='ocrx_word' id='word_1_240' title='bbox 176 3427 285 3485; x_wconf 90' lang='lat' dir='ltr'><strong>autem</strong></span> <span class='ocrx_word' id='word_1_241' title='bbox 307 3417 470 3501; x_wconf 84' lang='lat' dir='ltr'><strong>extemplo</strong></span> <span class='ocrx_word' id='word_1_242' title='bbox 493 3416 536 3481; x_wconf 89' lang='lat' dir='ltr'><strong>ad</strong></span> <span class='ocrx_word' id='word_1_243' title='bbox 558 3417 595 3482; x_wconf 89' lang='grc' dir='ltr'><strong>Τ.</strong></span> <span class='ocrx_word' id='word_1_244' title='bbox 620 3415 803 3494; x_wconf 79' lang='lat' dir='ltr'><strong>Quinctium</strong></span> <span class='ocrx_word' id='word_1_245' title='bbox 828 3417 969 3499; x_wconf 89' lang='lat' dir='ltr'><strong>misisse,</strong></span> <span class='ocrx_word' id='word_1_246' title='bbox 995 3409 1064 3498; x_wconf 90' lang='lat' dir='ltr'><strong>‘qui</strong></span> <span class='ocrx_word' id='word_1_247' title='bbox 1093 3415 1136 3480; x_wconf 90' lang='lat' dir='ltr'><strong>ad</strong></span> <span class='ocrx_word' id='word_1_248' title='bbox 1163 3415 1261 3482; x_wconf 88' lang='lat' dir='ltr'><strong>fidem</strong></span> <span class='ocrx_word' id='word_1_249' title='bbox 1283 3417 1330 3482; x_wconf 84' lang='lat' dir='ltr'><strong>ia·</strong></span> 
     </span>
     <span class='ocr_line' id='line_1_31' title="bbox 178 3510 1329 3600; baseline -0.002 -12"><span class='ocrx_word' id='word_1_250' title='bbox 178 3523 326 3588; x_wconf 86' lang='lat' dir='ltr'><strong>ciendam</strong></span> <span class='ocrx_word' id='word_1_251' title='bbox 348 3517 430 3584; x_wconf 91' lang='lat' dir='ltr'><strong>nihil</strong></span> <span class='ocrx_word' id='word_1_252' title='bbox 452 3525 643 3583; x_wconf 87' lang='lat' dir='ltr'><strong>novaturum</strong></span> <span class='ocrx_word' id='word_1_253' title='bbox 665 3535 774 3599; x_wconf 86' lang='lat' dir='ltr'><strong>regem</strong></span> <span class='ocrx_word' id='word_1_254' title='bbox 799 3517 840 3583; x_wconf 93' lang='lat' dir='ltr'><strong>de</strong></span> <span class='ocrx_word' id='word_1_255' title='bbox 864 3519 1017 3584; x_wconf 88' lang='lat' dir='ltr'><strong>societate</strong></span> <span class='ocrx_word' id='word_1_256' title='bbox 1040 3510 1193 3600; x_wconf 79' lang='lat' dir='ltr'><strong>agerem&#39;,</strong></span> <span class='ocrx_word' id='word_1_257' title='bbox 1217 3519 1329 3586; x_wconf 85' lang='lat' dir='ltr'><strong>Livius</strong></span> 
     </span>
     <span class='ocr_line' id='line_1_32' title="bbox 177 3617 1330 3698; baseline -0.003 -9"><span class='ocrx_word' id='word_1_258' title='bbox 177 3622 332 3689; x_wconf 87' lang='lat' dir='ltr'>XXXIII.</span> <span class='ocrx_word' id='word_1_259' title='bbox 367 3625 416 3686; x_wconf 83' lang='lat' dir='ltr'><strong>ll.</strong></span> <span class='ocrx_word' id='word_1_260' title='bbox 452 3625 471 3684; x_wconf 83' lang='lat'>5</span> <span class='ocrx_word' id='word_1_261' title='bbox 505 3621 675 3685; x_wconf 87' lang='lat' dir='ltr'><strong>enarravit.</strong></span> <span class='ocrx_word' id='word_1_262' title='bbox 720 3617 808 3698; x_wconf 80' lang='lat' dir='ltr'><strong>Quos</strong></span> <span class='ocrx_word' id='word_1_263' title='bbox 841 3621 878 3684; x_wconf 89' lang='grc' dir='ltr'><strong>Τ.</strong></span> <span class='ocrx_word' id='word_1_264' title='bbox 909 3618 1076 3697; x_wconf 80' lang='lat' dir='ltr'><strong>Quinctius</strong></span> <span class='ocrx_word' id='word_1_265' title='bbox 1110 3619 1153 3683; x_wconf 89' lang='lat' dir='ltr'><strong>ad</strong></span> <span class='ocrx_word' id='word_1_266' title='bbox 1184 3626 1330 3686; x_wconf 88' lang='lat' dir='ltr'><strong>senatum</strong></span> 
     </span>
     <span class='ocr_line' id='line_1_33' title="bbox 177 3720 1328 3809; baseline -0.002 -19"><span class='ocrx_word' id='word_1_267' title='bbox 177 3725 299 3809; x_wconf 86' lang='lat' dir='ltr'><strong>reiecit,</strong></span> <span class='ocrx_word' id='word_1_268' title='bbox 322 3723 409 3807; x_wconf 90' lang='lat' dir='ltr'><strong>quod</strong></span> <span class='ocrx_word' id='word_1_269' title='bbox 431 3720 513 3787; x_wconf 91' lang='lat' dir='ltr'><strong>nihil</strong></span> <span class='ocrx_word' id='word_1_270' title='bbox 528 3722 715 3788; x_wconf 88' lang='lat' dir='ltr'><strong>absentibus</strong></span> <span class='ocrx_word' id='word_1_271' title='bbox 731 3722 843 3787; x_wconf 89' lang='lat' dir='ltr'><strong>decem</strong></span> <span class='ocrx_word' id='word_1_272' title='bbox 859 3722 975 3802; x_wconf 89' lang='lat' dir='ltr'><strong>legatis</strong></span> <span class='ocrx_word' id='word_1_273' title='bbox 991 3722 1171 3787; x_wconf 85' lang='lat' dir='ltr'><strong>sententiae</strong></span> <span class='ocrx_word' id='word_1_274' title='bbox 1185 3720 1328 3806; x_wconf 88' lang='lat' dir='ltr'><strong>baberet,</strong></span> 
     </span>
     <span class='ocr_line' id='line_1_34' title="bbox 177 3823 1016 3909; baseline -0.004 -18"><span class='ocrx_word' id='word_1_275' title='bbox 177 3833 211 3891; x_wconf 92' lang='lat' dir='ltr'><strong>ut</strong></span> <span class='ocrx_word' id='word_1_276' title='bbox 233 3827 321 3909; x_wconf 92' lang='lat' dir='ltr'><strong>apud</strong></span> <span class='ocrx_word' id='word_1_277' title='bbox 342 3825 470 3890; x_wconf 87' lang='lat' dir='ltr'><strong>Livium</strong></span> <span class='ocrx_word' id='word_1_278' title='bbox 491 3823 642 3889; x_wconf 89' lang='lat' dir='ltr'>XXXIV.</span> <span class='ocrx_word' id='word_1_279' title='bbox 667 3826 716 3888; x_wconf 83' lang='lat'><strong>25.</strong></span> <span class='ocrx_word' id='word_1_280' title='bbox 741 3826 760 3887; x_wconf 84' lang='lat'>2</span> <span class='ocrx_word' id='word_1_281' title='bbox 783 3824 936 3906; x_wconf 88' lang='lat' dir='ltr'><strong>scriptum</strong></span> <span class='ocrx_word' id='word_1_282' title='bbox 959 3831 1016 3889; x_wconf 86' lang='lat' dir='ltr'><strong>est.</strong></span> 
     </span>
    </p>

    <p class='ocr_par' dir='ltr' id='par_1_5' title="bbox 178 3926 1330 4213">
     <span class='ocr_line' id='line_1_35' title="bbox 263 3926 1330 4011; baseline 0 -19"><span class='ocrx_word' id='word_1_283' title='bbox 263 3927 353 3992; x_wconf 87' lang='lat' dir='ltr'><strong>Nihil</strong></span> <span class='ocrx_word' id='word_1_284' title='bbox 376 3926 443 3993; x_wconf 85' lang='lat' dir='ltr'><strong>lere</strong></span> <span class='ocrx_word' id='word_1_285' title='bbox 467 3926 507 3993; x_wconf 88' lang='lat' dir='ltr'><strong>de</strong></span> <span class='ocrx_word' id='word_1_286' title='bbox 530 3926 745 4009; x_wconf 85' lang='lat' dir='ltr'><strong>legationibus</strong></span> <span class='ocrx_word' id='word_1_287' title='bbox 768 3926 969 4011; x_wconf 89' lang='lat' dir='ltr'><strong>accepimus,</strong></span> <span class='ocrx_word' id='word_1_288' title='bbox 992 3946 1074 4009; x_wconf 88' lang='lat' dir='ltr'><strong>quae</strong></span> <span class='ocrx_word' id='word_1_289' title='bbox 1097 3926 1188 3990; x_wconf 89' lang='lat' dir='ltr'><strong>annis</strong></span> <span class='ocrx_word' id='word_1_290' title='bbox 1214 3929 1274 3990; x_wconf 85' lang='lat'><strong>195</strong></span> <span class='ocrx_word' id='word_1_291' title='bbox 1298 3934 1330 3992; x_wconf 88' lang='lat' dir='ltr'><strong>et</strong></span> 
     </span>
     <span class='ocr_line' id='line_1_36' title="bbox 181 4026 1329 4108; baseline 0.003 -16"><span class='ocrx_word' id='word_1_292' title='bbox 181 4034 242 4096; x_wconf 76' lang='lat'><strong>194</strong></span> <span class='ocrx_word' id='word_1_293' title='bbox 264 4049 293 4094; x_wconf 91' lang='lat' dir='ltr'><strong>a.</strong></span> <span class='ocrx_word' id='word_1_294' title='bbox 310 4028 383 4096; x_wconf 82' lang='lat' dir='ltr'><strong>Chr.</strong></span> <span class='ocrx_word' id='word_1_295' title='bbox 399 4050 429 4094; x_wconf 91' lang='lat' dir='ltr'><strong>n.</strong></span> <span class='ocrx_word' id='word_1_296' title='bbox 453 4030 495 4094; x_wconf 88' lang='lat' dir='ltr'><strong>ab</strong></span> <span class='ocrx_word' id='word_1_297' title='bbox 517 4026 678 4095; x_wconf 89' lang='lat' dir='ltr'><strong>Antiocho</strong></span> <span class='ocrx_word' id='word_1_298' title='bbox 701 4047 777 4108; x_wconf 84' lang='lat' dir='ltr'><strong>rege</strong></span> <span class='ocrx_word' id='word_1_299' title='bbox 800 4035 832 4094; x_wconf 91' lang='lat' dir='ltr'><strong>et</strong></span> <span class='ocrx_word' id='word_1_300' title='bbox 848 4028 1001 4095; x_wconf 88' lang='lat' dir='ltr'><strong>Romanis</strong></span> <span class='ocrx_word' id='word_1_301' title='bbox 1024 4029 1142 4094; x_wconf 88' lang='lat' dir='ltr'><strong>missae</strong></span> <span class='ocrx_word' id='word_1_302' title='bbox 1165 4035 1246 4108; x_wconf 87' lang='lat' dir='ltr'><strong>sunt,</strong></span> <span class='ocrx_word' id='word_1_303' title='bbox 1271 4029 1329 4094; x_wconf 89' lang='lat' dir='ltr'><strong>sed</strong></span> 
     </span>
     <span class='ocr_line' id='line_1_37' title="bbox 178 4129 1329 4213; baseline -0.001 -17"><span class='ocrx_word' id='word_1_304' title='bbox 178 4132 311 4198; x_wconf 92' lang='lat' dir='ltr'><strong>dubium</strong></span> <span class='ocrx_word' id='word_1_305' title='bbox 334 4150 397 4196; x_wconf 91' lang='lat' dir='ltr'><strong>non</strong></span> <span class='ocrx_word' id='word_1_306' title='bbox 420 4130 556 4212; x_wconf 87' lang='lat' dir='ltr'><strong>videtur,</strong></span> <span class='ocrx_word' id='word_1_307' title='bbox 581 4131 658 4213; x_wconf 92' lang='lat' dir='ltr'><strong>quin</strong></span> <span class='ocrx_word' id='word_1_308' title='bbox 683 4131 818 4195; x_wconf 85' lang='lat' dir='ltr'><strong>Romani</strong></span> <span class='ocrx_word' id='word_1_309' title='bbox 847 4129 1026 4196; x_wconf 89' lang='lat' dir='ltr'><strong>studuerint</strong></span> <span class='ocrx_word' id='word_1_310' title='bbox 1053 4147 1167 4213; x_wconf 88' lang='lat' dir='ltr'><strong>pacem</strong></span> <span class='ocrx_word' id='word_1_311' title='bbox 1197 4149 1329 4196; x_wconf 84' lang='lat' dir='ltr'><strong>servare</strong></span> 
     </span>
    </p>
   </div>
   <div class='ocr_carea' id='block_1_5' title="bbox 0 0 1660 5000">
    <p class='ocr_par' dir='ltr' id='par_1_6' title="bbox 0 0 1660 5000">
     <span class='ocr_line' id='line_1_38' title="bbox 0 0 1660 5000; baseline 0 0"><span class='ocrx_word' id='word_1_312' title='bbox 0 0 1660 5000; x_wconf 95' lang='lat' dir='ltr'><strong> </strong></span> 
     </span>
    </p>
   </div>
  </div>
 </body>
</html>
