3344 5008
638 411 849 472 ..39-

168 581 373 661 Σμυρναίων,
398 575 447 642 ότι
466 577 502 641 dd
525 579 584 662 τῆς
596 568 837 660 Ἀλεξανδρέων
863 574 1003 656 πόλεως,
1027 574 1063 653 ἐξ
1080 569 1127 641 οἷν
1140 571 1157 640 ό
1171 575 1319 660 πόλεμος

169 678 268 763 ἔλαβε
290 678 350 756 τὰς
372 673 496 766 ἀρχάς).
540 682 654 766 ltaque
684 701 789 765 neque
815 679 950 747 Ilienses
979 701 1083 763 neque
1106 680 1320 767 Lampsaceni

170 803 274 867 neque
298 783 509 850 Alexandrini
532 783 602 866 regi
626 784 825 866 Pergameno
848 783 966 848 tributa
989 783 1198 850 contulerunt.

256 885 399 964 Quorum
427 886 549 970 oppida
576 892 612 951 nt
640 886 728 952 socia
749 885 858 951 Attalo
882 891 914 951 et
937 886 1072 951 Eumeni
1101 887 1244 969 fuorunt,
1274 887 1321 952 sie

171 990 269 1056 etiam
291 989 549 1073 Smyrnaeorum.
595 987 663 1054 Hos
684 995 790 1053 autem
815 993 889 1054 ante
919 1008 1035 1054 anuum
1068 989 1127 1054 196
1153 987 1319 1054 achan.

170 1092 290 1160 liberos
312 1091 415 1159 factos
438 1111 509 1158 esse
530 1092 643 1158 Livius
666 1090 820 1156 XXXIII.
838 1093 877 1155 38
902 1097 1051 1173 testatnr;
1073 1097 1170 1158 antea
1191 1090 1320 1174 regibus

173 1194 343 1279 Aegyptiis
373 1195 549 1278 vectigales
578 1193 712 1259 fuerant.
756 1193 870 1277 Itaque
900 1195 927 1260 si
950 1213 1034 1259 anno
1057 1196 1119 1258 219
1142 1215 1170 1260 a.
1193 1191 1266 1259 Chr.
1289 1215 1319 1260 u.

171 1315 276 1380 aeque
297 1315 337 1362 ac
358 1296 590 1381 Lampsaceni,
613 1295 839 1377 Alexandrini,
863 1296 998 1362 ilienses
1020 1315 1091 1363 cum
1116 1295 1224 1363 Attalo
1248 1315 1321 1363 con-

171 1398 271 1464 iuncti
294 1405 376 1480 sunt,
399 1400 586 1465 societatem
610 1403 733 1463 tantum
756 1419 828 1464 cum
852 1418 929 1482 rege
952 1399 1098 1481 inierant,
1122 1395 1322 1480 quodetiam

170 1500 280 1566 verbis
308 1499 496 1584 PolybianIs
525 1501 631 1567 inesse
660 1497 739 1566 mihi
769 1499 897 1567 videtur
920 1502 955 1566 V.
981 1504 1030 1566 77.
1055 1503 1090 1565 6:
1125 1489 1322 1584 ἐχρημάτισε

171 1613 243 1677 τοῖς
265 1597 359 1684 παρὰ
381 1603 448 1666 τῶν
463 1605 660 1686 Σμυρναίων
682 1606 904 1686 πρεσβευταῖς
924 1601 1181 1688 φιλανθρώπως
1204 1598 1260 1666 διὰ
1283 1596 1321 1666 τὸ

170 1701 318 1786 μάλιστα
348 1701 484 1780 τούτους
518 1707 732 1792 τετηρηκέναι
760 1701 820 1791 τὴν
850 1701 936 1790 πρὸς
966 1696 1067 1770 αὐτόν
1097 1709 1223 1770 πίστιν.
1268 1703 1324 1770 Sic

172 1808 269 1874 etiam
300 1807 397 1874 liberi
430 1809 651 1891 immunesque
681 1830 745 1875 una
778 1829 849 1876 cum
884 1808 1113 1894 Lampsacenis
1146 1828 1231 1875 anno
1263 1809 1323 1872 196

172 1931 202 1974 a.
228 1907 300 1975 Chr.
325 1931 355 1974 n.
378 1911 416 1976 T.
440 1909 623 1988 Quinctium
646 1912 874 1995 Flamininum,
901 1911 956 1994 qui
978 1917 1054 1978 tnnc
1076 1911 1263 1978 versabatur
1291 1910 1324 1974 in

173 2012 320 2095 Graecia,
336 2011 495 2095 adierunt,
511 2019 546 2080 ut
557 2015 773 2080 Romanorum
789 2014 945 2080 auxilium
962 2014 1117 2080 adversus
1129 2010 1323 2079 Antiochum

175 2115 386 2200 implorarent
402 2115 469 2194 (cfr.
486 2116 570 2200 App.
584 2115 656 2199 Syr.
673 2119 692 2180 2
709 2123 741 2182 et
756 2120 785 2202 6,
809 2116 922 2199 Polyb.
939 2115 1057 2181 XVIII.
1076 2119 1137 2193 52).
1182 2113 1324 2192 Quorum

174 2217 346 2300 delegatis
369 2237 453 2283 anno
480 2219 539 2283 189
555 2239 584 2285 a.
602 2217 675 2285 Chr.
692 2239 722 2284 u.
746 2220 778 2285 iu
795 2224 940 2286 senatum
964 2219 1152 2285 Introductis
1168 2215 1323 2301 Polybius

173 2319 264 2385 XXI.
281 2322 330 2385 22.
349 2324 450 2404 3sqq.
474 2320 558 2388 hunc
581 2323 613 2386 in
636 2321 765 2388 modum
781 2321 882 2387 verba
903 2321 994 2386 facit:
1019 2311 1111 2386 οὗτοι
1128 2317 1163 2382 δὲ
1180 2315 1324 2394 πολλοῖς

172 2421 233 2504 μὲν
261 2413 512 2507 ἆποίογισμούς
546 2420 735 2512 εἰσήνεγκαν
764 2425 843 2509 περὶ
875 2425 933 2511 τῆς
966 2417 1075 2486 αὑτων
1109 2414 1239 2497 εὐνοίας
1269 2424 1325 2486 καὶ

175 2528 382 2609 προθυμίας,
407 2521 445 2612 ἣν
461 2529 686 2614 νταρὲσχηνται
698 2523 872 2610 Ῥωμαίοις
895 2522 977 2590 κατὰ
993 2523 1052 2590 τὸν
1074 2522 1237 2589 ἐνεστῶτα
1261 2521 1325 2588 πό-

176 2627 293 2711 λεμον·
318 2621 418 2714 οόσης
441 2625 477 2691 δὲ
499 2629 557 2715 τῆς
580 2630 657 2712 περὶ
682 2621 791 2694 αὐτῶν
814 2627 911 2716 δόξης
940 2623 1214 2714 ὁμολογουμένης,
1238 2623 1326 2693 διότι

173 2727 328 2814 γεγόνασι
351 2728 487 2796 πάντων
511 2727 736 2796 ἐκτενέστατοι
758 2733 825 2796 τῶν
840 2727 898 2796 ἐπὶ
914 2733 971 2818 της
985 2723 1101 2806 Ἀσίας
1125 2721 1326 2812 αὐτονομου-

174 2835 291 2916 μένων,
316 2824 375 2898 oda
398 2825 576 2916 ἀναγκαῖον
598 2826 755 2921 ἡγούμεθ’
783 2829 970 2909 εἶναιτοὺς
998 2829 1082 2898 κατὰ
1112 2835 1212 2915 μέρος
1241 2828 1326 2896 ἐκτί-

175 2940 308 3000 θεσθαι
332 2932 448 3019 λόγους
480 2938 548 3014 (cfr.
570 2938 641 3004 Lis.
665 2937 833 3003 XXXVII.
858 2941 908 3002 54.
932 2939 974 3020 2),
1010 2936 1095 3003 unde
1117 2955 1175 3018 por
1197 2955 1232 3001 ss
1254 2955 1325 3019 per-

176 3040 322 3122 spicuum
346 3045 395 3106 ost
410 3037 605 3123 Smyrnaeus
628 3040 745 3107 liberos
762 3046 794 3106 et
816 3041 974 3106 immunes
997 3039 1088 3106 initio
1104 3037 1225 3105 saeculi
1248 3037 1326 3102 alte·

174 3141 241 3207 rius
264 3161 292 3206 a
317 3139 392 3206 (ihr.
415 3163 445 3206 n.
469 3142 568 3209 fnisse
591 3143 760 3226 sociosque
784 3143 1000 3208 Romanorum
1022 3142 1109 3208 bello
1132 3138 1325 3207 Antiochino

177 3244 359 3310 interfuisse
388 3240 458 3326 (cfr.
487 3244 555 3310 Liv.
584 3244 753 3311 XXXVII.
780 3243 844 3328 16).
890 3243 1093 3330 Quapropter
1119 3245 1209 3328 pacis
1238 3243 1327 3326 leges

177 3366 241 3412 non
264 3346 419 3413 exhibent
441 3346 628 3431 Smyrnaeis
652 3347 842 3432 vectigalia,
866 3368 949 3431 quae
971 3348 1106 3414 Eumeni
1128 3346 1198 3430 regi
1221 3353 1329 3411 essent

177 3447 352 3533 solvenda,
386 3448 521 3516 remissa
550 3468 621 3516 csse
650 3469 770 3534 eosque
801 3451 949 3516 libertate
977 3451 1242 3530 immanitateque
1271 3446 1329 3513 do·
1367 3441 1370 3448 '

178 3558 278 3618 nator.
323 3551 388 3617 Sed
419 3573 490 3617 cum
519 3551 678 3618 immunes
707 3554 771 3618 iam
802 3559 898 3618 antea
926 3553 1076 3633 fuissent,
1111 3551 1247 3616 Romani
1281 3551 1328 3616 eis

176 3655 357 3720 libertatem
380 3655 471 3738 paolo
486 3653 729 3722 condicionibus
753 3655 831 3722 dare
846 3675 910 3720 non
924 3661 1096 3739 potuerunt
1118 3659 1216 3736 atque
1231 3652 1328 3719 modo

177 3757 391 3824 laudaverunt
413 3776 469 3824 eos
491 3776 549 3840 pro
571 3757 726 3840 singulari
749 3756 813 3824 fido
835 3764 867 3822 et
882 3775 960 3842 agro
977 3756 1178 3826 donaverunt
1199 3757 1276 3821 item
1290 3775 1329 3822 ac

178 3860 277 3928 Chios
299 3866 331 3927 et
363 3860 575 3947 Erythraeos,
609 3860 664 3927 cfr.
687 3860 802 3945 Polyb.
826 3860 915 3926 XXI.
941 3863 990 3926 18.
1015 3865 1043 3925 o.
1074 3864 1179 3934 Χίους
1210 3857 1246 3921 δὲ
1274 3859 1331 3922 καὶ

178 3966 393 4049 Σμυρναίους,
411 3961 461 4028 ἔτι
477 3955 502 4026 d'
517 3954 735 4047 Ἐρυθραίους
757 3960 791 4026 ἔν
804 3986 840 4026 τε
862 3978 934 4038 τοῖς
957 3957 1071 4038 ἄλλοις
1094 3963 1251 4048 προῆγον,
1274 3941 1330 4026 κόιὶ

176 4064 287 4148 χώραν
317 4068 541 4148 προσένειμαν
568 4057 608 4152 ἧς
636 4063 771 4130 ἕκαστοι
803 4065 887 4129 κατὰ
921 4063 959 4129 τὸ
992 4063 1103 4150 παρὸν
1137 4063 1331 4146 ἐπεθύμουν

178 4170 231 4233 καὶ
257 4173 357 4255 σφίσι
385 4167 545 4255 καθήκειν
568 4163 819 4252 ὑπελάμβανον,
850 4166 1085 4252 ἐντρεπόμενοι
1111 4165 1169 4252 τὴν
1200 4161 1331 4231 εὔνοιαν
