3344 5008
660 367 868 429 ..23..

184 555 370 618 expugnare
389 555 452 601 non
473 554 567 618 posse
588 535 661 602 illas
678 535 824 602 civitates
838 534 1014 600 Ptolemaei
1027 533 1113 616 regis
1126 533 1241 617 socias,
1258 533 1338 616 quia

184 659 204 703 a
219 637 355 704 Rhodiis
373 644 405 703 et
420 638 551 704 auxiliis
566 637 697 703 adiutae
715 643 746 702 ot
762 637 802 703 de
818 637 904 720 regis
920 636 1062 702 consiliis
1078 637 1229 702 certiores
1246 640 1336 701 erant

184 742 299 808 factae.
345 739 436 818 Quae
459 740 570 806 Livius
593 759 656 805 nou
679 739 857 823 explicavit
877 737 1048 820 narrando,
1072 758 1146 808 uam
1175 740 1245 822 ipsc
1268 739 1288 801 l.
1312 737 1333 801 l.

182 842 278 907 dixit:
310 862 383 908 nou
405 862 558 926 operae
581 849 643 908 est
670 842 878 925 persequi,
907 846 948 906 ut
976 859 1159 923 quaeque
1182 847 1274 906 acta
1295 841 1335 905 in

182 943 245 1010 his
268 944 484 1027 locissint,
501 964 583 1010 curn
600 943 647 1009 ad
664 963 725 1028 co,
749 942 1211 1027 quaepropriaRomani
1233 942 1334 1008 belli

181 1051 289 1128 sunt,
324 1045 391 1111 vix
425 1045 645 1112 sufficiam.
695 1045 785 1111 Haec
813 1046 910 1128 igitur
939 1049 1031 1128 gesta
1063 1052 1135 1110 sunt
1168 1046 1333 1128 aliquanto

180 1153 253 1232 post
286 1148 445 1232 proelium
478 1147 518 1212 ad
555 1147 815 1233 Cynoscephalas
849 1146 1070 1230 commissum,
1103 1168 1193 1230 nam,
1226 1146 1333 1230 quoad

181 1249 329 1316 Rhodum
352 1251 385 1315 in
408 1250 546 1316 insulam
569 1251 697 1315 nuntius
720 1251 837 1316 allatus
860 1257 920 1331 est,
945 1256 1070 1332 tempus
1093 1271 1156 1315 non
1181 1250 1333 1332 exiguum

179 1353 363 1437 praeteriit,
394 1358 427 1418 et
455 1351 631 1418 Antiochus
661 1372 718 1417 rex
749 1352 933 1418 civitatibus
962 1351 1027 1417 illis
1050 1350 1183 1419 Graecis
1213 1352 1332 1417 bellum

178 1455 295 1537 intulit,
318 1461 488 1539 postquam
512 1453 630 1520 Rhodii
653 1453 805 1537 Philippo
829 1473 905 1538 rege
934 1453 1062 1519 devicto
1086 1474 1157 1530 cum
1179 1453 1330 1520 Antiochi

179 1557 296 1639 legatis
324 1576 420 1640 agere
450 1556 625 1624 omiserunt
658 1562 690 1621 ct
722 1556 934 1639 providerunt
963 1556 1104 1621 libertati
1138 1556 1330 1642 oppidorum

180 1658 358 1725 Ptolemaei
382 1659 467 1741 regis
490 1659 662 1742 sociorum,
692 1659 809 1741 quibus
840 1658 959 1724 bellum
982 1679 1003 1723 a
1025 1677 1102 1741 rego
1131 1659 1328 1724 imminebat.

178 1759 268 1840 Quae
298 1761 406 1826 omnia
440 1767 512 1844 post
545 1761 761 1827 Romanorum
796 1761 964 1826 victoriam
996 1760 1198 1842 acciderunt,
1232 1766 1329 1842 atquc

178 1868 255 1947 puto
280 1883 318 1929 ea
340 1884 403 1929 nou
426 1869 500 1928 ante
523 1870 701 1928 extremum
724 1865 861 1929 alterum
884 1881 1026 1929 mensem
1054 1870 1126 1947 post
1153 1863 1242 1927 illam
1272 1882 1328 1945 pu·

174 1987 271 2050 gnam
304 1966 389 2032 facta
423 1985 503 2031 esse.
559 1965 672 2048 Itaque
706 1966 834 2031 Livium
867 1973 1030 2032 auctorem
1060 1966 1160 2031 secuti
1183 1965 1327 2030 Attalum

175 2088 284 2152 regern
320 2087 391 2135 esse
425 2074 583 2132 mortuum
615 2088 678 2133 non
712 2075 787 2135 ante
821 2075 1000 2135 extremum
1032 2068 1149 2133 Iulium
1184 2086 1326 2133 mensem

175 2190 296 2254 ponere
321 2188 497 2256 possumus.

261 2274 367 2356 Atque
390 2273 486 2338 etiarn
510 2272 608 2354 paulo
630 2279 704 2357 post
726 2271 890 2339 efflavisse
919 2291 1028 2355 regem
1050 2270 1190 2336 animam
1215 2290 1257 2336 ex
1280 2271 1324 2335 in·

151 2376 347 2458 ¹scriptione
385 2374 473 2440 edita
509 2395 529 2440 a
567 2373 1060 2441 Wescbero·Poucartio:
1116 2371 1324 2456 Inscriptions

173 2477 355 2544 recueillies
387 2483 408 2544 a
440 2475 584 2561 Delphos
617 2477 719 2542 Paris.
758 2479 834 2542 1868
871 2498 922 2543 no.
948 2479 1009 2542 336
1043 2481 1076 2542 et
1109 2495 1128 2540 a
1161 2475 1325 2540 Dittcu-

172 2583 361 2663 bergero:
396 2578 530 2662 Sylloge
553 2580 795 2663 inscriptionum
821 2580 1016 2645 Graecarum
1048 2577 1136 2660 Lips.
1165 2579 1253 2642 1883.
1283 2578 1324 2643 ll.

170 2705 222 2751 uo.
247 2688 307 2748 447
338 2682 508 2764 colligitur.
553 2679 624 2758 Quo
654 2701 695 2746 ox
725 2682 816 2746 tilulo
847 2682 1005 2765 Dameas,
1038 2680 1092 2763 qui
1122 2672 1139 2742 ὁ
1172 2675 1229 2742 ἐπὶ
1258 2680 1324 2742 τῶν

172 2783 275 2870 ’ἔργων
289 2782 472 2866 βασιλικῶν
488 2788 630 2864 vocatur,
646 2783 687 2848 ab
705 2783 813 2848 Attalo
829 2803 906 2868 rege
923 2785 1039 2850 missus
1054 2801 1165 2848 mense
1181 2781 1323 2846 Panemo

170 2887 324 2954 Phaenea
353 2885 554 2952 Achaeorum
589 2891 736 2967 praetore
766 2893 798 2950 et
828 2907 937 2953 mense
968 2887 1101 2951 Bucatio
1132 2883 1322 2949 Emmenida

172 2989 372 3076 Delphorum
395 2985 548 3054 archonte
572 2987 818 3070 Artemidorum,
843 2989 965 3071 regiam
988 2987 1155 3068 ancillam,
1178 2986 1322 3070 Apollini

172 3093 291 3178 Pythio
314 3093 416 3158 tribus
439 3096 471 3156 et
493 3089 709 3173 quadraginta
730 3091 902 3157 stateribus
918 3091 1025 3156 aureis
1040 3087 1197 3155 vendidit.
1227 3086 1321 3165 Quod

170 3199 254 3262 intra
283 3196 424 3263 medium
454 3211 595 3258 mensem
626 3193 803 3277 Augustum
833 3200 866 3259 et
893 3193 1034 3260 medium
1065 3190 1287 3274 Septembrem
1301 3195 1320 3267 ¹)

167 3300 243 3366 anui
281 3302 339 3364 197
363 3319 391 3363 a.
416 3295 489 3362 chr.
514 3315 544 3359 n.
568 3296 687 3361 factum
716 3303 765 3361 est
793 3315 898 3379 nequo
927 3296 1053 3377 dubito,
1084 3294 1160 3377 quin
1183 3293 1319 3374 Attalus,

167 3421 231 3484 quo
261 3406 406 3484 tempore
429 3399 586 3462 Dameam
608 3396 754 3482 Delphos
783 3399 885 3481 misit,
921 3398 1039 3464 vixerit
1068 3403 1101 3462 et
1129 3397 1161 3459 in
1184 3394 1320 3462 Graecia

167 3505 273 3570 luerit.
323 3502 436 3569 Utrum
460 3505 567 3565 autem
584 3499 711 3564 Attalus
734 3507 797 3564 tum
816 3500 938 3566 Thebis
962 3499 1147 3564 debilitatus
1163 3497 1318 3562 Dameam

169 3606 301 3689 miserit,
326 3611 361 3669 ut
375 3602 613 3670 Artemidorum
629 3601 766 3684 Delphis
788 3603 821 3666 in
844 3603 1024 3667 libertatem
1040 3619 1136 3664 manu
1151 3606 1318 3680 assereret,

166 3730 207 3775 an
231 3729 269 3776 eo
292 3709 363 3792 ipso
394 3715 537 3790 tempore
560 3707 751 3788 Pergamum
779 3710 1011 3788 transportatus
1040 3703 1082 3768 sit
1110 3720 1247 3783 eamque
1277 3703 1318 3768 ob

167 3832 315 3894 causam,
353 3809 440 3893 quod
476 3810 620 3875 familiae
658 3813 726 3873 erat
763 3825 1054 3891 supervacaneum,
1091 3810 1186 3870 antea
1224 3804 1317 3869 dimi-

255 4051 277 4110 lt
296 4045 347 4100 cfr.
367 4045 399 4100 D.
419 4043 593 4098 Bischolt:
613 4043 654 4097 De
671 4042 751 4097 iustis
764 4042 876 4097 Graecis
895 4038 1095 4109 antiquioribus
1113 4038 1141 4091 in
1156 4039 1228 4094 stud.
1241 4039 1316 4108 Lips.

164 4133 215 4188 vol.
237 4132 297 4188 VII.
317 4135 405 4198 (last)
422 4147 449 4198 p.
469 4133 518 4182 313
531 4144 589 4197 sqq.
