3308 5000
264 904 302 970 B.
329 897 387 973 DE
410 897 550 974 REBUS
573 898 631 974 AB
652 897 839 1094 Egffl
862 897 979 976 REGE
1001 899 1052 975 IN
1074 897 1269 976 caseum

743 1018 764 1093 S
795 1018 814 1094 I
842 1071 849 1093 .

189 1227 192 1236 .
276 1177 361 1242 Dum
373 1177 500 1242 Attalus
516 1178 613 1242 frater
625 1177 762 1244 Romam
777 1177 867 1259 petit,
884 1177 1044 1244 Eumenes
1060 1178 1157 1261 bello,
1170 1177 1258 1260 quod
1272 1197 1344 1244 curn

191 1278 319 1346 Nabide
342 1278 522 1362 gerebatur,
546 1279 705 1360 interfuit,
736 1284 891 1362 utsupra
914 1287 962 1345 est
984 1279 1121 1360 dictum,
1151 1286 1183 1346 et
1212 1279 1344 1346 indutiis

191 1369 327 1464 tyranno
340 1379 423 1447 datis
435 1381 590 1446 remansit
601 1381 634 1446 in
646 1380 794 1463 Graecia,
811 1387 845 1446 ut
857 1400 929 1447 mea
944 1383 1006 1447 fert
1018 1383 1137 1466 opinio,
1154 1401 1227 1448 uum
1243 1382 1344 1446 omni-

190 1482 250 1549 bus
261 1482 399 1548 navibus
411 1483 577 1566 copiisque
589 1482 632 1549 sd
647 1483 783 1549 tuendos
798 1481 913 1550 socios.
949 1484 1014 1559 Hic
1026 1484 1121 1567 enim,
1136 1503 1199 1549 non
1212 1484 1244 1549 ln
1256 1484 1344 1560 Asia,

192 1584 354 1651 Romanos
376 1585 498 1650 bellum
521 1604 592 1650 cum
615 1584 775 1652 Antiocho
796 1605 910 1668 gerere
935 1587 1077 1653 voluisse
1100 1605 1119 1652 e
1141 1584 1219 1650 belli
1242 1605 1341 1669 appa-

189 1691 259 1750 ratu
284 1686 361 1752 satis
389 1692 526 1769 apparet
551 1693 583 1752 et
611 1686 686 1754 inde
717 1688 836 1772 elucet,
872 1689 959 1772 quod
988 1690 1021 1755 in
1051 1688 1189 1754 Graecia
1218 1688 1344 1771 opperti

189 1794 262 1852 sunt
277 1786 428 1854 Antiochi
450 1789 536 1870 regis
558 1787 742 1856 adventum.
779 1791 886 1873 Atque
909 1797 984 1857 tunc
1001 1791 1176 1857 Eumenem
1191 1790 1343 1856 Romanis

190 1907 364 1972 eorumque
386 1891 483 1956 sociis
515 1891 547 1954 in
578 1890 715 1958 Graecia
746 1894 887 1958 maximo
917 1894 988 1958 usui
1018 1892 1117 1959 luisse
1147 1892 1208 1958 hoc
1237 1894 1343 1977 capite

188 1992 316 2058 uberius
338 1992 584 2075 disputabimus.

274 2095 318 2161 Ut
346 2095 410 2159 iem
434 2114 532 2179 supra
553 2096 676 2162 leviter
704 2096 884 2179 attigimus,
914 2096 1038 2176 Diocli,
1070 2096 1124 2178 qui
1154 2097 1196 2160 ab
1218 2097 1343 2162 Aetolis

188 2197 429 2262 Demetriadem
460 2200 576 2264 missus
605 2207 689 2280 erat,
727 2199 875 2280 contigit,
913 2204 948 2263 ut
977 2199 1009 2262 in
1048 2198 1135 2263 urbis
1165 2198 1341 2280 possessio-

187 2319 260 2364 nem
292 2301 466 2385 involaret,
496 2301 555 2366 sed
584 2300 625 2366 ab
655 2301 740 2365 omni
768 2302 896 2368 fortuna
918 2299 1201 2382 derelinquebatur
1222 2299 1341 2381 Thoas,

189 2404 242 2484 qui
259 2401 454 2468 'Chalcidem
478 2423 595 2486 capere
625 2404 729 2468 iussus
759 2409 836 2468 crat.
881 2403 964 2468 Nam
993 2421 1065 2469 cum
1096 2421 1137 2467 ex
1165 2403 1341 2487 improviso

188 2524 251 2570 non
281 2511 391 2589 posset
419 2506 600 2588 opprimere
624 2505 871 2590 Chalcidenses,
902 2506 979 2589 quia
1001 2505 1156 2588 Micythio
1180 2512 1212 2571 et
1233 2505 1340 2571 Xeno·

187 2607 298 2690 clides,
322 2609 485 2692 principes
507 2610 656 2676 factionis
677 2611 858 2691 Romanae,
889 2609 1041 2675 certiores
1070 2609 1147 2674 facti
1177 2609 1263 2675 urbis
1287 2609 1341 2673 de·

187 2711 364 2777 tensionem
386 2711 613 2794 providerant,
637 2711 756 2778 inlecta
778 2733 812 2777 rc
835 2732 906 2778 eum
930 2713 1054 2777 Aetolis
1083 2710 1212 2777 domum
1237 2712 1341 2776 redire

188 2815 389 2879 coactus'est
419 2814 572 2880 facultate
600 2835 663 2880 non
694 2814 770 2880 data
798 2823 863 2879 tam
893 2815 1020 2894 exiguis
1049 2814 1152 2896 copiis
1176 2813 1341 2879 Chalcidis

188 2915 433 2999 expugnandae.
479 2914 602 2993 Quibus
631 2916 750 2982 auditis
780 2917 816 2980 T.
840 2915 1025 2994 Quinctium
1054 2936 1074 2979 a
1102 2914 1256 2981 Corintho
1286 2935 1340 2980 ve·

186 3018 326 3084 nientem
355 3019 387 3082 in
411 3017 599 3085 Chalcidico
623 3020 744 3101 Euripo
767 3019 902 3084 Eumeni
931 3020 1001 3101 regi
1031 3019 1207 3084 occurrisse
1228 3017 1341 3083 Livius

186 3120 323 3186 XXXV.
340 3125 389 3186 39.
409 3126 422 3183 l
450 3123 592 3186 narravit
606 3125 636 3197 ¹).
674 3120 798 3199 Quibus
814 3120 921 3186 verbis
945 3120 1148 3186 confirmatur
1164 3121 1340 3186 Eumenem

187 3223 228 3287 ad
251 3223 438 3289 Chalcidem
463 3243 563 3290 naves
586 3231 682 3289 antec
704 3224 843 3289 tenuisse
856 3222 891 3304 ²),
922 3243 1017 3306 qnam
1041 3224 1177 3289 Romani
1200 3223 1339 3289 advene-

186 3334 266 3409 runt,
291 3346 361 3392 cum
385 3326 422 3390 Τ.
447 3324 595 3403 Quinctio
625 3346 645 3391 a
675 3326 809 3391 meridie
835 3326 867 3389 in
890 3325 1045 3410 Euripum
1075 3327 1202 3392 invecto
1233 3345 1339 3390 occur·

187 3435 279 3494 reret.
325 3427 391 3492 Sed
414 3448 485 3494 oum
509 3448 633 3510 regem,
658 3437 691 3493 ut
714 3447 812 3511 supra
833 3427 1131 3507 demonstravimus,
1154 3430 1216 3492 iam
1243 3447 1340 3492 verno

274 3651 298 3713 1)
316 3645 365 3702 clr.
386 3661 455 3716 quae
474 3645 589 3700 diximus
608 3663 634 3715 p.
646 3651 678 3700 50
691 3661 731 3715 sq.

272 3736 298 3798 2)
316 3731 393 3798 Quod
411 3735 501 3786 autern
520 3731 613 3785 Livius
632 3732 698 3786 nihil
716 3732 821 3800 profert
838 3731 890 3785 hoc
908 3731 969 3785 loco
983 3730 1016 3784 de
1028 3730 1149 3784 Eumene
1167 3743 1238 3796 rege,
1257 3744 1338 3782 excu-

187 3817 299 3887 sationis
317 3817 418 3885 aliquid
434 3817 518 3871 habet
536 3832 568 3871 ea
585 3819 613 3871 in
631 3833 676 3881 re,
701 3817 773 3885 quod
796 3832 857 3870 eum
879 3833 934 3871 non
959 3829 1065 3883 semper
1083 3814 1216 3868 sociorum
1242 3814 1340 3868 fecisse

187 3902 348 3957 mentionem
378 3903 450 3956 band
476 3903 639 3970 ignoramus,
670 3903 743 3955 velut
771 3902 799 3954 in
829 3901 942 3956 Nabidis
973 3900 1043 3954 bello
1073 3901 1167 3962 altero,
1198 3904 1228 3951 ut
1257 3913 1339 3966 supra

186 4004 212 4056 p.
233 3993 264 4042 58
284 3988 485 4057 explicavimus.
522 3988 651 4042 Fortasse
670 3990 749 4042 etiam
768 3987 858 4040 afferri
875 3993 978 4055 potest,
999 3985 1070 4054 quod
1088 3985 1132 4039 ille
1151 3983 1258 4051 Polybil
1276 3997 1337 4035 nar·

186 4074 318 4128 rationem
337 4079 480 4142 amputans
500 4074 567 4127 haec
586 4072 692 4128 silentio
710 4072 858 4141 praeteriit,
878 4074 955 4141 quia,
981 4077 1015 4124 ut·
1028 4071 1087 4140 ipse
1104 4070 1122 4124 l.
1141 4068 1253 4124 XXXV.
1268 4074 1333 4122 ibt

186 4157 259 4226 dicit,
278 4172 339 4212 enm
357 4159 493 4213 abstulere
512 4157 584 4212 velut
602 4158 742 4227 despatio
762 4157 893 4213 Graeciae
911 4173 954 4211 res
973 4157 1110 4212 immixtae
1128 4155 1264 4210 Romanis.
