3308 5000
789 395 1001 458 ...58-

318 570 416 646 atque
431 562 560 644 saepius
575 563 743 644 auxilium,
758 569 931 646 antequam
950 582 1079 645 pressus
1101 583 1122 628 a
1136 562 1391 646 Philopoemene
1414 565 1470 629 ob-

317 664 443 731 sidione
466 685 487 730 a
508 664 662 732 Romanis
684 664 825 730 indutias
840 667 1035 748 impetraret
1072 666 1141 730 Illis
1163 667 1249 730 enim
1264 667 1358 731 lactis
1373 665 1469 732 Aeto·

317 766 420 831 lorum
442 767 564 832 auxilio
594 767 625 832 ei
653 786 717 832 non
739 767 803 832 iam
832 786 914 850 opus
942 774 1020 832 erat
1063 767 1209 833 Indutias
1231 777 1337 834 cutem
1361 769 1469 848 tuisse,

318 887 382 951 quo
404 877 550 951 tempore
565 870 783 935 Alexamenus
802 869 1078 935 Lacedaemonem
1102 871 1199 949 venit,
1223 870 1330 934 chivi
1353 870 1469 951 verbis,

318 991 513 1055 quamquam
536 971 609 1036 illas
631 972 734 1037 factas
748 991 821 1038 esse
836 979 932 1036 antas
946 991 1010 1036 non
1025 971 1118 1051 dixit,
1142 991 1169 1036 c.
1186 975 1236 1036 35.
1253 976 1273 1037 9
1293 965 1349 1036 ‘ut
1370 989 1470 1054 quas

319 1071 490 1138 haberet
523 1073 661 1155 copias
690 1093 766 1139 non
795 1075 952 1139 sineret
985 1074 1057 1138 sub
1090 1073 1214 1139 tectis
1248 1091 1471 1140 marescere

317 1176 418 1258 otio,
452 1174 524 1241 scd
557 1175 750 1241 educeret
783 1175 880 1240 etin
902 1176 1024 1256 armis
1050 1174 1264 1240 decurrere
1285 1180 1471 1258 cogeret,

318 1277 608 1344 simulanimos
623 1268 1268 1358 acueretetcorporacxerceret'
1288 1285 1322 1342 et
1336 1281 1471 1342 c.35.10

316 1373 449 1446 ‘educi
481 1379 575 1445 inde
603 1381 845 1461 frequenter
873 1387 966 1444 aute
996 1379 1130 1444 urbem
1158 1380 1197 1443 in
1219 1398 1401 1461 campum
1423 1379 1472 1444 ad

318 1481 498 1549 Eurotan
531 1502 681 1547 amnem
717 1469 904 1563 coepere’
936 1483 1140 1564 perspicuum
1172 1500 1243 1547 esse
1273 1482 1338 1544 iam
1367 1479 1471 1546 Ruebl

319 1602 351 1666 p.
368 1584 408 1646 38
421 1604 490 1668 sqq.
514 1585 656 1666 protulit.
702 1587 751 1646 An
774 1587 808 1646 tu
831 1589 925 1664 putas
947 1582 1054 1648 Nabin
1083 1583 1116 1646 in
1138 1602 1287 1665 campum
1308 1582 1350 1647 ad
1374 1583 1471 1649 Euro·

319 1693 375 1749 tau
408 1705 535 1751 amnem
568 1693 643 1750 aute
676 1687 787 1751 urbem
821 1685 931 1767 copias
966 1684 1103 1751 educere
1136 1685 1295 1766 potuisse,
1330 1704 1402 1750 cum
1431 1687 1472 1752 ab

319 1786 460 1854 Achaeis
482 1788 622 1854 inclusus
645 1786 907 1870 oppugnaretur?

406 1889 498 1968 Quae
521 1889 678 1956 babemus
701 1892 872 1956 manifesta
894 1889 1025 1973 indicia,
1049 1910 1090 1955 ex
1113 1889 1229 1972 quibus
1252 1889 1472 1971 cognoscimus

321 2013 385 2058 non
421 1995 579 2075 integram
612 1994 688 2060 Livi
724 1993 937 2059 narrationem
975 2011 1056 2058 esse.
1101 1990 1196 2068 Quod
1228 1996 1335 2056 autem
1367 1991 1474 2056 omisit

320 2097 432 2162 Livius
461 2096 535 2162 illas
564 2115 631 2174 res,
655 2101 826 2161 excusatur
854 2095 928 2159 libri
950 2093 1085 2159 XXXV.
1114 2093 1326 2177 dispositione
1355 2101 1388 2160 et
1412 2094 1472 2158 for·

320 2201 405 2264 sitan
427 2199 524 2264 etiam
547 2198 656 2264 afferri
678 2199 791 2279 liceat,
821 2198 908 2280 quod
938 2197 979 2262 de
1009 2200 1224 2263 Romanorum
1251 2197 1347 2262 rebus
1375 2196 1474 2279 gestis

320 2318 484 2382 perpauca
505 2300 602 2364 modo
626 2319 729 2381 eaque
752 2300 849 2365 laude
871 2320 935 2366 non
957 2299 1057 2382 digna
1079 2297 1218 2364 dicenda
1239 2305 1339 2364 erant.

407 2401 497 2467 Haec
525 2406 630 2465 autem
660 2408 695 2466 ut
724 2419 882 2483 persaepe
910 2402 952 2467 ab
980 2402 1054 2467 aliis
1083 2401 1292 2486 scriptoribus
1322 2401 1475 2466 Romanis

321 2504 369 2569 sic
390 2523 411 2568 a
433 2504 528 2567 Livio
552 2503 723 2567 reticentur
745 2503 891 2567 similiter
919 2523 959 2568 ac
987 2505 1146 2570 sociorum
1176 2505 1290 2570 menta
1319 2503 1352 2568 iu
1374 2522 1474 2586 popu·

322 2605 387 2669 lum
411 2606 598 2669 Romanum.
643 2602 715 2682 Quo
744 2605 862 2670 factum
894 2611 957 2688 est,
991 2611 1026 2670 ut
1053 2606 1165 2674 Livius
1196 2607 1294 2674 etiam
1324 2605 1475 2674 Eumenis

321 2707 436 2772 merita
458 2707 490 2771 in
506 2706 644 2774 Nabidis
668 2706 753 2773 bcllo
769 2708 871 2774 altero
894 2709 1022 2776 silentio
1043 2710 1243 2792 praeteriret
1279 2709 1375 2775 Illum
1391 2709 1474 2774 enim

321 2809 408 2876 bello
446 2809 628 2877 interfuisse
665 2811 758 2877 titulo
794 2832 892 2896 supra
928 2811 1111 2878 collaudato
1140 2811 1381 2892 comprobatur,
1419 2809 1476 2876 sed

321 2931 385 2994 quo
415 2914 540 2997 proelio
569 2933 640 2979 cum
663 2913 791 2980 Nabide
821 2913 1017 2996 conflixerit,
1040 2933 1123 2978 nunc
1146 2913 1295 2994 quidem,
1324 2913 1475 2995 quoniam

321 3016 478 3080 memoria
513 3014 623 3081 harum
657 3037 761 3082 rorum
795 3037 857 3081 nou
890 3018 1015 3098 integra
1047 3022 1112 3095 est,
1144 3012 1278 3080 delinire
1311 3035 1373 3080 non
1403 3034 1474 3099 pos·

323 3135 442 3182 sumus.

408 3218 522 3300 Neque
545 3237 623 3284 vero
645 3221 722 3300 scio,
745 3239 786 3284 an
810 3238 861 3284 res
885 3218 971 3283 bello
1000 3224 1111 3300 gestae
1142 3217 1328 3300 aperiantur
1350 3225 1382 3283 et
1403 3219 1476 3284 illu·

323 3324 472 3399 strentur,
496 3320 523 3384 si
547 3319 696 3386 Eumenis
720 3321 856 3386 classem
878 3320 919 3383 ad
943 3318 1202 3404 Peloponnesum
1225 3327 1355 3402 praesto
1377 3320 1476 3387 fuisse

323 3419 437 3502 fingas.
483 3420 577 3486 lllam
599 3420 760 3502 adfuisse,
782 3441 855 3487 cum
877 3421 980 3488 Nabis
1003 3419 1128 3488 cladem
1152 3419 1283 3485 afferret
1305 3420 1476 3505 Philopoe-

323 3522 410 3588 meni
433 3523 602 3590 obsidione
624 3522 788 3609 Gytheum
818 3525 944 3591 solvere
973 3531 1105 3606 conato,
1139 3523 1192 3589 vel
1215 3523 1290 3590 inde
1312 3525 1477 3606 refutatur,

324 3625 411 3707 quod
440 3631 593 3708 tyrannus
622 3627 717 3692 Livio
739 3625 873 3691 XXXV.
897 3628 947 3691 26.
974 3630 988 3689 1
1021 3631 1102 3693 teste
1130 3645 1202 3692 cum
1232 3627 1332 3692 tribus
1355 3633 1478 3692 tantum

323 3729 461 3795 navibus
483 3730 575 3795 tectis
598 3735 630 3794 et
659 3729 774 3795 lembis
802 3729 1018 3811 pristibusque
1041 3726 1243 3794 Achaeorum
1273 3728 1409 3795 classem
1432 3729 1477 3795 lu·

324 3833 424 3912 gavit.
462 3831 538 3896 Post
559 3831 685 3897 cladem
704 3825 1018 3913 ‘Philopoemen
1041 3863 1082 3874 —
1104 3837 1202 3910 atque
1218 3828 1270 3895 hic
1285 3828 1328 3894 ad
1343 3829 1480 3896 Liviana

324 3933 429 4000 redire
452 3934 591 3999 licet-
615 3935 653 3998 in
686 3934 770 3998 levi
800 3931 1087 4015 speculatoria
1118 3949 1219 3994 nave
1249 3931 1374 4013 fugit,
1409 3951 1481 3998 uec

324 4042 417 4101 ante
439 4037 559 4118 fugae
581 4035 718 4115 linem,
747 4054 862 4118 quam
885 4036 1029 4100 Patras
1052 4041 1212 4100 ventum
1238 4041 1316 4114 est,
1340 4023 1476 4098 lecit’.

325 4136 416 4216 Quae
440 4135 513 4204 Livi
536 4136 636 4203 verba
659 4137 736 4220 quin
766 4143 915 4221 corrupta
942 4139 1021 4219 sint,
1049 4155 1114 4202 nou
1142 4141 1192 4199 cst
1220 4134 1370 4215 dubium,
1405 4154 1477 4200 curn
