3308 5000
751 377 962 436 ...44-

287 541 475 609 adiudicata
500 539 570 624 (cfr.
589 539 802 621 Buschmann,
826 563 857 626 p.
878 547 926 606 11.
949 541 1022 608 adn.
1046 539 1080 624 6)
1107 539 1165 608 sed
1190 561 1208 606 e
1230 540 1302 606 Livi
1331 540 1441 606 verbis

289 647 411 728 disq.
452 637 648 726 ‘Attalus,
678 664 724 709 ne
753 643 957 710 desertam
987 643 1158 709 baberet
1188 642 1378 727 insulam,
1402 647 1442 707 et

287 745 545 814 Macedonum
568 746 854 812 tereomnibus
870 745 1164 829 etquibnsdam
1180 745 1441 827 Andriorum,

287 855 328 914 ut
350 856 577 930 manerent,
600 849 818 933 persuasit.
841 853 983 932 postea
1005 856 1043 914 et
1065 849 1113 913 ab
1138 848 1277 930 Delio,
1301 847 1368 930 qui
1392 867 1440 912 ex

287 958 405 1034 pacto
439 952 620 1017 travecti
655 970 698 1017 eo
727 950 907 1032 Inerant,
941 950 1159 1033 promissis
1192 951 1318 1034 regis,
1353 969 1439 1015 cum

287 1052 545 1118 desiderium
569 1073 726 1135 quoque
749 1053 913 1137 patriae
935 1052 1109 1118 facilius
1131 1053 1179 1118 ad
1204 1052 1440 1119 credendum

288 1155 512 1220 inclinaret
534 1157 706 1236 animos,
729 1145 924 1220 revocati'
957 1154 1173 1237 colligendum
1197 1175 1268 1222 esse
1292 1155 1439 1221 existimo

288 1256 447 1336 Attalum,
479 1275 551 1321 cum
582 1257 617 1323 id
639 1263 763 1340 ageret,
794 1275 902 1324 secum
931 1263 1096 1340 reputasse
1118 1256 1264 1324 Andrum
1285 1258 1347 1324 sibi
1368 1275 1438 1340 per·

287 1378 470 1424 mansuram
493 1378 573 1425 esse.
611 1361 717 1440 Atque
733 1360 792 1426 etsi
816 1357 897 1426 haec
918 1360 1033 1444 insula,
1057 1366 1229 1444 antequam
1245 1362 1277 1424 in
1294 1358 1440 1442 Philippi

287 1461 374 1543 regis
397 1465 590 1544 potestatem
619 1459 750 1526 redacta
781 1468 844 1545 est,
875 1462 1078 1544 Ptolemaeo,
1107 1461 1342 1547 Aegyptiorum
1371 1461 1441 1543 regi

288 1570 358 1628 erat
379 1564 539 1646 subiecta,
568 1570 676 1628 tamen
698 1562 732 1628 id
755 1563 986 1646 impedimento
1015 1585 1079 1631 non
1108 1565 1236 1646 fuisset,
1268 1564 1437 1645 quominus

289 1665 558 1747 Pergamenorum
580 1665 650 1748 regi
672 1663 861 1748 traderetur,
885 1687 957 1732 cum
979 1667 1075 1732 etiam
1092 1665 1287 1732 Graecorum
1311 1665 1344 1730 in
1361 1664 1441 1730 Asia

288 1766 443 1832 nonnulla
465 1764 601 1850 oppida,
631 1785 713 1849 quae
743 1768 775 1832 in
799 1768 976 1834 Ptolemaei
1009 1769 1136 1836 dicione
1164 1769 1307 1849 fuerant,
1336 1767 1440 1851 prius·

289 1889 385 1952 quam
408 1888 429 1933 a
445 1867 597 1952 Philippo
621 1877 653 1934 et
667 1867 826 1936 Antiocho
842 1877 938 1954 capta
953 1877 1036 1956 sunt,
1060 1871 1247 1936 Ptolemaeo
1263 1891 1325 1934 non
1348 1869 1439 1936 resti·

289 1977 453 2037 tuerentur
466 1973 495 2047 ¹).
541 1967 694 2036 Offeudas
718 1992 794 2038 sane
818 1973 850 2037 in
874 1993 926 2056 eo,
950 1972 1036 2057 quod
1059 1974 1091 2038 in
1114 1973 1205 2056 pacis
1227 1973 1354 2055 legibus
1375 1991 1440 2037 non

289 2080 554 2140 commemoratur
575 2072 720 2140 Andrum
748 2075 779 2138 in
802 2075 887 2157 regis
910 2075 1179 2158 Pergamenorum
1204 2074 1330 2140 dicione
1353 2093 1439 2138 man·

289 2177 380 2242 sisse.
413 2173 480 2242 Sed
495 2176 599 2261 potuit
613 2174 692 2259 fieri,
705 2181 740 2242 ut
752 2175 898 2243 Valerius
910 2178 1023 2244 Antias
1035 2177 1134 2261 (apud
1146 2176 1272 2242 Livium
1285 2174 1438 2241 XXXIII.

290 2283 341 2347 30.
377 2277 428 2359 to)
457 2297 608 2362 perverse
635 2269 807 2361 ‘Aeginam
837 2269 981 2346 insulam‘
1021 2300 1079 2365 pro
1105 2273 1264 2346 ‘Andrum
1293 2269 1436 2344 insulam'

288 2382 442 2449 scriberet
464 2381 585 2464 pariter
606 2386 703 2461 atque
726 2379 834 2445 Attalo
857 2401 915 2464 pro
932 2381 1083 2447 Eumene.
1122 2383 1206 2448 Tum
1221 2389 1328 2448 antem
1352 2387 1438 2448 esset

287 2483 472 2569 ponendum
494 2483 585 2547 illum
607 2482 771 2547 annalium
794 2483 982 2565 scriptorem
1011 2503 1075 2549 non
1104 2485 1270 2567 ignorasse
1294 2483 1438 2550 Andrum

289 2589 322 2652 in
345 2587 430 2652 bello
454 2584 660 2668 Pergamenis
682 2583 846 2650 addictam
876 2603 955 2652 esse.
1002 2586 1120 2652 Verum
1149 2586 1277 2652 omnino
1301 2586 1438 2653 Romani

375 2777 398 2837 tt
417 2769 521 2840 Polybii
539 2770 621 2824 rerba
632 2769 732 2826 XVIII.
752 2775 785 2825 11
799 2763 880 2834 ιτοὺς
895 2769 948 2838 μὲν
966 2767 1069 2837 ἄλλους
1079 2760 1216 2840 (Έλληνας
1234 2766 1353 2836 adesce,
1371 2769 1439 2837 rode

288 2878 319 2916 τε
342 2877 416 2914 κατα
440 2853 490 2927 τὴν
517 2846 608 2911 Ἀσίαν
630 2857 678 2910 καλ
704 2855 778 2914 κατὰ
803 2853 854 2928 τὴν
878 2848 1020 2928 Εὐρώπην
1041 2853 1214 2928 ἐλευθέρους
1231 2849 1369 2924 ὑπάρχειν
1390 2859 1439 2911 καὶ

288 2940 390 3013 νόμοις
405 2945 531 3014 χρῆσθαι
544 2949 605 3006 τοῖς
616 2939 698 3006 ἰδίοις
714 2947 774 2998 κτλ.
794 2944 854 3009 (etr.
868 2941 1067 2997 1111111111.
1081 2949 1121 2996 36.
1136 2945 1229 3012 lsqq.)
1247 2957 1301 2995 non
1314 2947 1440 3010 spectant

288 3031 324 3084 ad
343 3043 434 3083 omnes
453 3025 536 3080 Asiae
555 3027 678 3080 civitates
698 3026 816 3082 Graecas
834 3027 894 3094 (cfr.
908 3027 1001 3096 Polyb.
1014 3027 1089 3083 XXI.
1101 3031 1143 3092 23,
1161 3027 1219 3082 Liv.
1233 3025 1372 3082 XXXVII.
1386 3031 1440 3094 61),

290 3113 337 3169 sed
355 3113 390 3167 ad
408 3127 455 3167 eas
473 3118 588 3179 tantum,
606 3127 675 3179 quae
687 3128 704 3166 a
717 3112 844 3182 Philippo
858 3117 935 3168 erant
947 3121 1083 3182 occupata
1095 3113 1136 3168 ret
1149 3113 1207 3168 eius
1221 3113 1287 3168 iuris
1299 3112 1438 3167 habeban-

288 3207 346 3268 tur,
370 3205 400 3253 ut
424 3198 505 3252 etism
530 3198 696 3266 scripserunt
722 3199 864 3268 Appianus
888 3199 993 3253 Maced.
1019 3203 1077 3254 aa
1101 3195 1232 3256 ἐκέλευσε
1254 3191 1306 3264 τὰς
1330 3193 1438 3263 πόλεις,

290 3276 357 3344 ὅσαι
375 3273 448 3355 ἦσαν
470 3275 625 3353 Ἑλληνίδες
646 3276 703 3338 ὑπὸ
724 3285 864 3356 Φιλίππῳ,
888 3281 983 3349 πάσας
1000 3281 1155 3356 ἐλευθέρας
1173 3279 1244 3340 εἶναι
1269 3289 1296 3338 et
1320 3284 1438 3340 Zonaras

242 3399 245 3406 ν
287 3372 336 3426 IX.
356 3373 387 3422 16
405 3365 458 3434 τὰς
475 3361 531 3440 γὰρ
550 3361 638 3433 ἄλλας
655 3363 754 3433 πόλεις
772 3363 824 3434 τάς
841 3388 873 3424 τε
891 3365 923 3424 ἐν
940 3374 975 3440 τῇ
990 3362 1064 3448 Ἀσίᾳ
1075 3373 1123 3426 καλ
1140 3367 1172 3425 ἐν
1190 3372 1224 3440 τῇ
1244 3361 1368 3442 Εὐρώπῃ
1387 3364 1439 3434 τὰς

288 3459 356 3530 πρὶν
379 3449 567 3519 δουλευούσας
593 3449 671 3527 αὐτῷ
702 3451 856 3524 ἐλευθέρας
883 3447 998 3526 ἀφῆκαν
1024 3455 1084 3520 (cfr.
1111 3455 1304 3510 Weissenborn
1328 3455 1363 3508 ad
1381 3455 1438 3508 biv.

288 3542 418 3597 XXXIII.
433 3544 474 3594 36.
488 3543 522 3606 l).
558 3540 601 3593 Ex
620 3541 718 3608 quibus
736 3541 890 3605 nonnullae,
909 3555 978 3609 quae
995 3541 1144 3596 Ptolemaei
1160 3555 1242 3610 reguo
1262 3541 1437 3610 comprehen-

289 3630 436 3694 debantur,
462 3623 623 3694 aPhilippo
646 3633 737 3680 autem
760 3633 837 3680 erant
861 3633 1045 3696 expugnatae,
1069 3627 1224 3682 Ptolemaeo
1243 3626 1367 3682 redditae
1384 3643 1439 3681 non

289 3719 361 3781 sunt,
379 3713 427 3768 sed
444 3711 596 3768 libertatem
622 3718 787 3780 acceperunt
809 3711 870 3778 (cir.
890 3711 983 3782 Polyb.
1003 3711 1103 3767 XVIII.
1124 3717 1164 3766 tt.
1187 3717 1220 3776 1).
1257 3711 1309 3766 Sed
1327 3727 1357 3766 re
1375 3726 1437 3766 vera

289 3802 325 3856 ab
344 3797 479 3854 Antiocho
498 3812 560 3866 rege
577 3797 756 3864 tenebantur,
779 3798 825 3868 qui
843 3813 889 3852 eas
913 3798 990 3852 annis
1011 3801 1057 3852 191
1077 3803 1104 3852 et
1131 3801 1178 3852 196
1197 3813 1220 3851 a
1236 3797 1297 3852 Chr.
1311 3815 1336 3851 n.
1356 3799 1438 3852 armis

289 3887 434 3952 subegerat
452 3889 533 3954 atque
550 3884 579 3937 in
597 3882 730 3936 dicionem
748 3899 825 3938 suam
848 3883 996 3950 redegerat.
1032 3883 1127 3952 ltaque
1145 3882 1293 3936 rectissime
1310 3883 1439 3937 iudimvit

289 3971 424 4025 Niebuhr:
454 3969 587 4038 Vortrtge
610 3970 661 4025 vol.
680 3969 715 4024 ll.
741 3986 768 4037 p.
789 3973 851 4022 160:
877 3962 939 4024 ‘nie
966 3969 1142 4040 dteberungen
1169 3967 1302 4036 titillent,
1329 3969 1366 4024 bie
1392 3971 1438 4024 ben

289 4057 448 4126 ςλλτοῐαιιᾶαιι
466 4057 592 4126 gebttteu,
622 4056 705 4126 putrer
727 4055 847 4123 teutrtbcu
872 4055 1052 4126 turingegebru
1074 4055 1170 4111 nerra
1194 4053 1299 4121 uritlteu,
1327 4055 1438 4111 minoren

287 4144 345 4200 eber
363 4157 419 4210 euru
437 4141 540 4206 &deine
556 4141 592 4196 bie
609 4134 732 4210 {stelbeit'
