<?xml version="1.0" encoding="UTF-8"?>
<!DOCTYPE html PUBLIC "-//W3C//DTD XHTML 1.0 Transitional//EN"
    "http://www.w3.org/TR/xhtml1/DTD/xhtml1-transitional.dtd">
<html xmlns="http://www.w3.org/1999/xhtml" xml:lang="en" lang="en">
 <head>
  <title>
</title>
<meta http-equiv="Content-Type" content="text/html;charset=utf-8" />
  <meta name='ocr-system' content='tesseract 3.04.00' />
  <meta name='ocr-capabilities' content='ocr_page ocr_carea ocr_par ocr_line ocrx_word'/>
</head>
<body>
  <div class='ocr_page' id='page_1' title='image "./symbolaeadeumen00meisgoog_0062.png"; bbox 0 0 3308 5000; ppageno 0'>
   <div class='ocr_carea' id='block_1_1' title="bbox 667 381 880 442">
    <p class='ocr_par' dir='ltr' id='par_1_1' title="bbox 667 381 880 442">
     <span class='ocr_line' id='line_1_1' title="bbox 667 381 880 442; baseline -0.009 -18"><span class='ocrx_word' id='word_1_1' title='bbox 667 381 880 442; x_wconf 74' lang='lat'>..47-</span> 
     </span>
    </p>
   </div>
   <div class='ocr_carea' id='block_1_2' title="bbox 195 545 1349 941">
    <p class='ocr_par' dir='ltr' id='par_1_2' title="bbox 195 545 1347 739">
     <span class='ocr_line' id='line_1_2' title="bbox 195 545 1347 632; baseline 0.003 -22"><span class='ocrx_word' id='word_1_2' title='bbox 195 545 357 612; x_wconf 77' lang='lat' dir='ltr'>Fraenkel</span> <span class='ocrx_word' id='word_1_3' title='bbox 387 547 419 610; x_wconf 90' lang='lat' dir='ltr'>in</span> <span class='ocrx_word' id='word_1_4' title='bbox 451 546 635 612; x_wconf 87' lang='lat' dir='ltr'>universum</span> <span class='ocrx_word' id='word_1_5' title='bbox 659 546 837 614; x_wconf 89' lang='lat' dir='ltr'>rectissime</span> <span class='ocrx_word' id='word_1_6' title='bbox 869 547 1054 632; x_wconf 79' lang='lat' dir='ltr'><strong>explevisse</strong></span> <span class='ocrx_word' id='word_1_7' title='bbox 1076 545 1156 613; x_wconf 92' lang='lat' dir='ltr'>mibi</span> <span class='ocrx_word' id='word_1_8' title='bbox 1179 547 1307 615; x_wconf 89' lang='lat' dir='ltr'>videtur</span> <span class='ocrx_word' id='word_1_9' title='bbox 1317 551 1347 632; x_wconf 90' lang='lat'>¹),</span> 
     </span>
     <span class='ocr_line' id='line_1_3' title="bbox 196 647 1218 739; baseline 0.002 -25"><span class='ocrx_word' id='word_1_10' title='bbox 196 647 237 714; x_wconf 89' lang='lat' dir='ltr'>de</span> <span class='ocrx_word' id='word_1_11' title='bbox 260 647 421 716; x_wconf 81' lang='lat' dir='ltr'>nonnullis</span> <span class='ocrx_word' id='word_1_12' title='bbox 444 649 614 739; x_wconf 85' lang='lat' dir='ltr'>tamenab</span> <span class='ocrx_word' id='word_1_13' title='bbox 637 649 694 716; x_wconf 92' lang='lat' dir='ltr'>illo</span> <span class='ocrx_word' id='word_1_14' title='bbox 717 649 786 716; x_wconf 84' lang='lat' dir='ltr'>viro</span> <span class='ocrx_word' id='word_1_15' title='bbox 809 647 905 718; x_wconf 90' lang='lat' dir='ltr'>docto</span> <span class='ocrx_word' id='word_1_16' title='bbox 928 648 1093 716; x_wconf 89' lang='lat' dir='ltr'>dissentio.</span> <span class='ocrx_word' id='word_1_17' title='bbox 1215 727 1218 732; x_wconf 21' lang='lat'><strong>¹</strong></span> 
     </span>
    </p>

    <p class='ocr_par' dir='ltr' id='par_1_3' title="bbox 196 750 1349 941">
     <span class='ocr_line' id='line_1_4' title="bbox 283 750 1349 838; baseline 0.002 -22"><span class='ocrx_word' id='word_1_18' title='bbox 283 751 320 816; x_wconf 92' lang='lat' dir='ltr'>In</span> <span class='ocrx_word' id='word_1_19' title='bbox 342 769 439 818; x_wconf 86' lang='lat' dir='ltr'>versu</span> <span class='ocrx_word' id='word_1_20' title='bbox 461 750 565 834; x_wconf 92' lang='lat' dir='ltr'>primo</span> <span class='ocrx_word' id='word_1_21' title='bbox 587 751 755 834; x_wconf 84' lang='lat' dir='ltr'>angustius</span> <span class='ocrx_word' id='word_1_22' title='bbox 778 771 851 818; x_wconf 87' lang='lat' dir='ltr'>esse</span> <span class='ocrx_word' id='word_1_23' title='bbox 872 752 1012 838; x_wconf 90' lang='lat' dir='ltr'>spatium</span> <span class='ocrx_word' id='word_1_24' title='bbox 1035 772 1130 836; x_wconf 91' lang='lat' dir='ltr'>quam</span> <span class='ocrx_word' id='word_1_25' title='bbox 1153 758 1189 819; x_wconf 90' lang='lat' dir='ltr'>ut</span> <span class='ocrx_word' id='word_1_26' title='bbox 1209 751 1349 818; x_wconf 84' lang='lat' dir='ltr'>sufficiat</span> 
     </span>
     <span class='ocr_line' id='line_1_5' title="bbox 196 853 1348 941; baseline 0.002 -23"><span class='ocrx_word' id='word_1_27' title='bbox 196 853 312 920; x_wconf 86' lang='lat' dir='ltr'>litteris</span> <span class='ocrx_word' id='word_1_28' title='bbox 335 875 538 935; x_wconf 82' lang='grc' dir='ltr'><strong><em>νγενομενων</em></strong></span> <span class='ocrx_word' id='word_1_29' title='bbox 561 875 632 932; x_wconf 69' lang='lat' dir='ltr'>aas,</span> <span class='ocrx_word' id='word_1_30' title='bbox 663 872 743 937; x_wconf 88' lang='lat' dir='ltr'>quas</span> <span class='ocrx_word' id='word_1_31' title='bbox 766 853 926 922; x_wconf 80' lang='lat' dir='ltr'>Fraenkel</span> <span class='ocrx_word' id='word_1_32' title='bbox 957 856 1104 941; x_wconf 87' lang='lat' dir='ltr'>inseruit,</span> <span class='ocrx_word' id='word_1_33' title='bbox 1133 875 1235 940; x_wconf 82' lang='lat' dir='ltr'>nuper</span> <span class='ocrx_word' id='word_1_34' title='bbox 1262 861 1348 939; x_wconf 85' lang='lat' dir='ltr'>post-</span> 
     </span>
    </p>
   </div>
   <div class='ocr_carea' id='block_1_3' title="bbox 198 955 1453 1043">
    <p class='ocr_par' dir='ltr' id='par_1_4' title="bbox 198 955 1453 1043">
     <span class='ocr_line' id='line_1_6' title="bbox 198 955 1453 1043; baseline -0.001 -21"><span class='ocrx_word' id='word_1_35' title='bbox 198 976 294 1040; x_wconf 90' lang='lat' dir='ltr'>quam</span> <span class='ocrx_word' id='word_1_36' title='bbox 317 955 504 1024; x_wconf 91' lang='lat' dir='ltr'>Berolinnm</span> <span class='ocrx_word' id='word_1_37' title='bbox 527 955 689 1040; x_wconf 87' lang='lat' dir='ltr'>profectus</span> <span class='ocrx_word' id='word_1_38' title='bbox 711 956 936 1042; x_wconf 76' lang='lat' dir='ltr'>inscriptiones</span> <span class='ocrx_word' id='word_1_39' title='bbox 959 957 1132 1043; x_wconf 79' lang='lat' dir='ltr'>inspexi²)‚</span> <span class='ocrx_word' id='word_1_40' title='bbox 1162 957 1245 1024; x_wconf 89' lang='lat' dir='ltr'>adeo</span> <span class='ocrx_word' id='word_1_41' title='bbox 1268 956 1347 1022; x_wconf 93' lang='lat' dir='ltr'>mibi</span> <span class='ocrx_word' id='word_1_42' title='bbox 1451 999 1453 1002; x_wconf 94' lang='lat'>-</span> 
     </span>
    </p>
   </div>
   <div class='ocr_carea' id='block_1_4' title="bbox 198 1051 1369 1963">
    <p class='ocr_par' dir='ltr' id='par_1_5' title="bbox 198 1051 1369 1963">
     <span class='ocr_line' id='line_1_7' title="bbox 198 1051 1349 1147; baseline -0.003 -21"><span class='ocrx_word' id='word_1_43' title='bbox 198 1065 247 1126; x_wconf 87' lang='lat' dir='ltr'>est</span> <span class='ocrx_word' id='word_1_44' title='bbox 262 1060 475 1144; x_wconf 83' lang='lat' dir='ltr'>exploratum,</span> <span class='ocrx_word' id='word_1_45' title='bbox 491 1064 527 1124; x_wconf 88' lang='lat' dir='ltr'>nt</span> <span class='ocrx_word' id='word_1_46' title='bbox 542 1057 669 1124; x_wconf 91' lang='lat' dir='ltr'>credam</span> <span class='ocrx_word' id='word_1_47' title='bbox 686 1059 802 1125; x_wconf 88' lang='lat' dir='ltr'>melius</span> <span class='ocrx_word' id='word_1_48' title='bbox 818 1060 914 1126; x_wconf 82' lang='lat' dir='ltr'>scribi</span> <span class='ocrx_word' id='word_1_49' title='bbox 929 1055 1009 1144; x_wconf 80' lang='grc' dir='ltr'>νῶ[ν</span> <span class='ocrx_word' id='word_1_50' title='bbox 1021 1051 1170 1146; x_wconf 76' lang='grc' dir='ltr'><strong><em>ἠγμένων</em></strong></span> <span class='ocrx_word' id='word_1_51' title='bbox 1182 1061 1205 1138; x_wconf 83' lang='lat'>³)</span> <span class='ocrx_word' id='word_1_52' title='bbox 1222 1056 1256 1124; x_wconf 82' lang='grc' dir='ltr'>ἐκ</span> <span class='ocrx_word' id='word_1_53' title='bbox 1278 1055 1349 1147; x_wconf 82' lang='grc' dir='ltr'>ν]ῆς</span> 
     </span>
     <span class='ocr_line' id='line_1_8' title="bbox 200 1159 1350 1246; baseline 0.001 -18"><span class='ocrx_word' id='word_1_54' title='bbox 200 1163 254 1228; x_wconf 85' lang='lat' dir='ltr'>vel</span> <span class='ocrx_word' id='word_1_55' title='bbox 269 1161 374 1230; x_wconf 90' lang='lat' dir='ltr'>simile</span> <span class='ocrx_word' id='word_1_56' title='bbox 387 1160 563 1244; x_wconf 82' lang='lat' dir='ltr'>quidpiam.</span> <span class='ocrx_word' id='word_1_57' title='bbox 594 1160 733 1227; x_wconf 79' lang='lat' dir='ltr'>Verbum</span> <span class='ocrx_word' id='word_1_58' title='bbox 750 1167 856 1228; x_wconf 89' lang='lat' dir='ltr'>autem</span> <span class='ocrx_word' id='word_1_59' title='bbox 872 1159 1191 1246; x_wconf 74' lang='grc' dir='ltr'><strong><em>καταστρεψάμενον</em></strong></span> <span class='ocrx_word' id='word_1_60' title='bbox 1205 1163 1238 1228; x_wconf 91' lang='lat' dir='ltr'>in</span> <span class='ocrx_word' id='word_1_61' title='bbox 1254 1181 1350 1229; x_wconf 87' lang='lat' dir='ltr'>versu</span> 
     </span>
     <span class='ocr_line' id='line_1_9' title="bbox 199 1261 1350 1349; baseline 0.002 -19"><span class='ocrx_word' id='word_1_62' title='bbox 199 1265 293 1331; x_wconf 86' lang='lat' dir='ltr'>tertio</span> <span class='ocrx_word' id='word_1_63' title='bbox 316 1283 391 1330; x_wconf 90' lang='lat' dir='ltr'>num</span> <span class='ocrx_word' id='word_1_64' title='bbox 414 1270 490 1348; x_wconf 89' lang='lat' dir='ltr'>apte</span> <span class='ocrx_word' id='word_1_65' title='bbox 513 1263 652 1346; x_wconf 90' lang='lat' dir='ltr'>positum</span> <span class='ocrx_word' id='word_1_66' title='bbox 682 1265 724 1332; x_wconf 92' lang='lat' dir='ltr'>sit</span> <span class='ocrx_word' id='word_1_67' title='bbox 744 1265 786 1330; x_wconf 89' lang='lat' dir='ltr'>ab</span> <span class='ocrx_word' id='word_1_68' title='bbox 816 1261 1015 1349; x_wconf 72' lang='grc' dir='ltr'>ἱ110,ἰιι1ι1ο</span> <span class='ocrx_word' id='word_1_69' title='bbox 1045 1264 1165 1330; x_wconf 89' lang='lat' dir='ltr'>dubito.</span> <span class='ocrx_word' id='word_1_70' title='bbox 1210 1265 1315 1348; x_wconf 87' lang='lat' dir='ltr'>Argos</span> <span class='ocrx_word' id='word_1_71' title='bbox 1326 1266 1350 1343; x_wconf 80' lang='lat'>⁴)</span> 
     </span>
     <span class='ocr_line' id='line_1_10' title="bbox 200 1364 1350 1453; baseline -0.001 -19"><span class='ocrx_word' id='word_1_72' title='bbox 200 1367 284 1434; x_wconf 91' lang='lat' dir='ltr'>enim</span> <span class='ocrx_word' id='word_1_73' title='bbox 315 1365 524 1434; x_wconf 79' lang='lat' dir='ltr'>Macedonum</span> <span class='ocrx_word' id='word_1_74' title='bbox 555 1364 670 1432; x_wconf 91' lang='lat' dir='ltr'>ducem</span> <span class='ocrx_word' id='word_1_75' title='bbox 700 1365 883 1453; x_wconf 88' lang='lat' dir='ltr'>Philoclen,</span> <span class='ocrx_word' id='word_1_76' title='bbox 918 1367 972 1451; x_wconf 93' lang='lat' dir='ltr'>qui</span> <span class='ocrx_word' id='word_1_77' title='bbox 1007 1365 1160 1434; x_wconf 82' lang='lat' dir='ltr'>(lorintbo</span> <span class='ocrx_word' id='word_1_78' title='bbox 1191 1366 1350 1450; x_wconf 83' lang='lat' dir='ltr'>Argisque</span> 
     </span>
     <span class='ocr_line' id='line_1_11' title="bbox 200 1466 1366 1554; baseline -0.001 -19"><span class='ocrx_word' id='word_1_79' title='bbox 200 1475 364 1553; x_wconf 89' lang='lat' dir='ltr'>praeerat,</span> <span class='ocrx_word' id='word_1_80' title='bbox 395 1466 515 1536; x_wconf 84' lang='lat' dir='ltr'>Nabidi</span> <span class='ocrx_word' id='word_1_81' title='bbox 544 1473 679 1552; x_wconf 82' lang='lat' dir='ltr'>tyranno</span> <span class='ocrx_word' id='word_1_82' title='bbox 693 1470 716 1547; x_wconf 72' lang='grc'>5)</span> <span class='ocrx_word' id='word_1_83' title='bbox 745 1469 872 1537; x_wconf 85' lang='lat' dir='ltr'>tradere</span> <span class='ocrx_word' id='word_1_84' title='bbox 901 1467 1071 1554; x_wconf 88' lang='lat' dir='ltr'>Philippus</span> <span class='ocrx_word' id='word_1_85' title='bbox 1101 1489 1158 1535; x_wconf 84' lang='lat' dir='ltr'>rex</span> <span class='ocrx_word' id='word_1_86' title='bbox 1180 1489 1264 1535; x_wconf 90' lang='lat' dir='ltr'>anno</span> <span class='ocrx_word' id='word_1_87' title='bbox 1291 1471 1366 1554; x_wconf 32' lang='lat'><strong>197,</strong></span> 
     </span>
     <span class='ocr_line' id='line_1_12' title="bbox 201 1569 1369 1653; baseline 0.002 -15"><span class='ocrx_word' id='word_1_88' title='bbox 201 1593 230 1638; x_wconf 85' lang='lat' dir='ltr'>a.</span> <span class='ocrx_word' id='word_1_89' title='bbox 253 1571 328 1638; x_wconf 75' lang='lat' dir='ltr'>(ihr.</span> <span class='ocrx_word' id='word_1_90' title='bbox 351 1593 382 1636; x_wconf 90' lang='lat' dir='ltr'>n.</span> <span class='ocrx_word' id='word_1_91' title='bbox 405 1571 512 1653; x_wconf 84' lang='lat' dir='ltr'>iussit,</span> <span class='ocrx_word' id='word_1_92' title='bbox 543 1577 577 1636; x_wconf 90' lang='lat' dir='ltr'>ut</span> <span class='ocrx_word' id='word_1_93' title='bbox 599 1571 626 1637; x_wconf 89' lang='lat' dir='ltr'>is</span> <span class='ocrx_word' id='word_1_94' title='bbox 648 1572 879 1640; x_wconf 86' lang='lat' dir='ltr'>Macedonibus</span> <span class='ocrx_word' id='word_1_95' title='bbox 901 1571 1025 1638; x_wconf 82' lang='lat' dir='ltr'>auxilia</span> <span class='ocrx_word' id='word_1_96' title='bbox 1046 1569 1089 1638; x_wconf 88' lang='lat' dir='ltr'>ad</span> <span class='ocrx_word' id='word_1_97' title='bbox 1111 1571 1230 1637; x_wconf 87' lang='lat' dir='ltr'>bellum</span> <span class='ocrx_word' id='word_1_98' title='bbox 1253 1573 1369 1640; x_wconf 84' lang='lat' dir='ltr'>ferret.</span> 
     </span>
     <span class='ocr_line' id='line_1_13' title="bbox 200 1665 1355 1759; baseline 0.001 -20"><span class='ocrx_word' id='word_1_99' title='bbox 200 1680 287 1740; x_wconf 88' lang='lat' dir='ltr'>ratus</span> <span class='ocrx_word' id='word_1_100' title='bbox 316 1693 351 1742; x_wconf 88' lang='lat' dir='ltr'>se</span> <span class='ocrx_word' id='word_1_101' title='bbox 380 1674 429 1739; x_wconf 91' lang='lat' dir='ltr'>illi</span> <span class='ocrx_word' id='word_1_102' title='bbox 455 1665 661 1758; x_wconf 83' lang='lat' dir='ltr'>‘Argivorum</span> <span class='ocrx_word' id='word_1_103' title='bbox 696 1676 806 1741; x_wconf 89' lang='lat' dir='ltr'>urbem</span> <span class='ocrx_word' id='word_1_104' title='bbox 843 1675 932 1741; x_wconf 83' lang='lat' dir='ltr'>velut</span> <span class='ocrx_word' id='word_1_105' title='bbox 959 1673 1159 1742; x_wconf 89' lang='lat' dir='ltr'>fiduciariam</span> <span class='ocrx_word' id='word_1_106' title='bbox 1191 1673 1286 1759; x_wconf 86' lang='lat' dir='ltr'>dare,</span> <span class='ocrx_word' id='word_1_107' title='bbox 1317 1682 1355 1740; x_wconf 84' lang='lat' dir='ltr'>nt</span> 
     </span>
     <span class='ocr_line' id='line_1_14' title="bbox 202 1769 1349 1861; baseline 0.001 -20"><span class='ocrx_word' id='word_1_108' title='bbox 202 1777 317 1844; x_wconf 86' lang='lat' dir='ltr'>victori</span> <span class='ocrx_word' id='word_1_109' title='bbox 341 1777 402 1843; x_wconf 93' lang='lat' dir='ltr'>sibi</span> <span class='ocrx_word' id='word_1_110' title='bbox 418 1778 609 1860; x_wconf 83' lang='lat' dir='ltr'>restitueret,</span> <span class='ocrx_word' id='word_1_111' title='bbox 633 1776 754 1861; x_wconf 91' lang='lat' dir='ltr'>siquid</span> <span class='ocrx_word' id='word_1_112' title='bbox 771 1776 901 1843; x_wconf 83' lang='lat' dir='ltr'>adversi</span> <span class='ocrx_word' id='word_1_113' title='bbox 917 1775 1099 1858; x_wconf 82' lang='lat' dir='ltr'>accidisset,</span> <span class='ocrx_word' id='word_1_114' title='bbox 1123 1776 1193 1860; x_wconf 89' lang='lat' dir='ltr'>ipse</span> <span class='ocrx_word' id='word_1_115' title='bbox 1209 1769 1349 1843; x_wconf 87' lang='lat' dir='ltr'>baberst‘</span> 
     </span>
     <span class='ocr_line' id='line_1_15' title="bbox 201 1877 1350 1963; baseline 0 -19"><span class='ocrx_word' id='word_1_116' title='bbox 201 1879 282 1954; x_wconf 85' lang='lat' dir='ltr'>(Liv.</span> <span class='ocrx_word' id='word_1_117' title='bbox 306 1878 445 1945; x_wconf 88' lang='lat' dir='ltr'>XXXII.</span> <span class='ocrx_word' id='word_1_118' title='bbox 470 1881 520 1946; x_wconf 85' lang='lat'>38.</span> <span class='ocrx_word' id='word_1_119' title='bbox 545 1878 588 1955; x_wconf 81' lang='lat'>2).</span> <span class='ocrx_word' id='word_1_120' title='bbox 633 1877 699 1945; x_wconf 86' lang='lat' dir='ltr'>Sed</span> <span class='ocrx_word' id='word_1_121' title='bbox 728 1885 881 1963; x_wconf 84' lang='lat' dir='ltr'>tyrannus</span> <span class='ocrx_word' id='word_1_122' title='bbox 903 1879 1008 1962; x_wconf 85' lang='lat' dir='ltr'>Argos</span> <span class='ocrx_word' id='word_1_123' title='bbox 1039 1882 1151 1945; x_wconf 88' lang='lat' dir='ltr'>nactus</span> <span class='ocrx_word' id='word_1_124' title='bbox 1181 1880 1286 1944; x_wconf 87' lang='lat' dir='ltr'>statim</span> <span class='ocrx_word' id='word_1_125' title='bbox 1309 1879 1350 1944; x_wconf 87' lang='lat' dir='ltr'>ad</span> 
     </span>
    </p>
   </div>
   <div class='ocr_carea' id='block_1_5' title="bbox 203 2116 1405 2286">
    <p class='ocr_par' dir='ltr' id='par_1_6' title="bbox 203 2116 1405 2286">
     <span class='ocr_line' id='line_1_16' title="bbox 290 2116 806 2186; baseline 0.004 -16"><span class='ocrx_word' id='word_1_126' title='bbox 290 2124 315 2182; x_wconf 88' lang='lat' dir='ltr'>l)</span> <span class='ocrx_word' id='word_1_127' title='bbox 331 2116 440 2172; x_wconf 80' lang='lat' dir='ltr'>Titulus</span> <span class='ocrx_word' id='word_1_128' title='bbox 458 2123 516 2182; x_wconf 83' lang='lat' dir='ltr'>(no.</span> <span class='ocrx_word' id='word_1_129' title='bbox 536 2122 568 2171; x_wconf 88' lang='lat'>60</span> <span class='ocrx_word' id='word_1_130' title='bbox 585 2133 613 2186; x_wconf 92' lang='lat' dir='ltr'>p.</span> <span class='ocrx_word' id='word_1_131' title='bbox 629 2122 672 2184; x_wconf 74' lang='lat'>47)</span> <span class='ocrx_word' id='word_1_132' title='bbox 691 2120 733 2172; x_wconf 87' lang='lat' dir='ltr'>est</span> <span class='ocrx_word' id='word_1_133' title='bbox 749 2117 806 2172; x_wconf 91' lang='lat' dir='ltr'>bic:</span> 
     </span>
     <span class='ocr_line' id='line_1_17' title="bbox 203 2215 1405 2286; baseline -0.002 -12"><span class='ocrx_word' id='word_1_134' title='bbox 203 2215 1351 2286; x_wconf 74' lang='grc' dir='ltr'>ΒΑΣΙΛΕΥΣΕΥΜΕΝΗΣΑΠο]ΤΩ[ΝΓΕΝΟΜΕΝΩΝΕΚΠΗΣΣΤΡΑΤΕΙΑΣΛΑΦΥΡΩΝ</span> <span class='ocrx_word' id='word_1_135' title='bbox 1401 2269 1405 2278; x_wconf 89' lang='grc'><strong>,</strong></span> 
     </span>
    </p>
   </div>
   <div class='ocr_carea' id='block_1_6' title="bbox 205 2326 1352 2464">
    <p class='ocr_par' dir='ltr' id='par_1_7' title="bbox 205 2326 1352 2464">
     <span class='ocr_line' id='line_1_18' title="bbox 205 2326 1352 2390; baseline 0 -14"><span class='ocrx_word' id='word_1_136' title='bbox 205 2326 1352 2390; x_wconf 75' lang='grc' dir='ltr'>ΗΝεετΡΑτειεΑτοΜετΑΡιιΜΑι]ιιΝκ[Αιτιι]ΝΑ[ΛΛΩΝ]Σ[ι]ΜΜΑΧιιιιιιειιι</span> 
     </span>
     <span class='ocr_line' id='line_1_19' title="bbox 968 2411 1285 2464; baseline 0.003 -3"><span class='ocrx_word' id='word_1_137' title='bbox 968 2411 1285 2464; x_wconf 75' lang='grc' dir='ltr'>ΝΑΒιΝτοΝΛΑκΩΝΑ</span> 
     </span>
    </p>
   </div>
   <div class='ocr_carea' id='block_1_7' title="bbox 146 2503 1385 4210">
    <p class='ocr_par' dir='ltr' id='par_1_8' title="bbox 216 2503 1335 2578">
     <span class='ocr_line' id='line_1_20' title="bbox 216 2503 1335 2578; baseline 0.001 -14"><span class='ocrx_word' id='word_1_138' title='bbox 216 2503 1335 2578; x_wconf 69' lang='grc' dir='ltr'>κΑτΑετΡΕῩΑΜενιοΝτοιξΑΡΓειιοιιεκΑι]Μειε]ε[Η]Νι[οΥ]εΑ[ιιιΑκΡιιΝ</span> 
     </span>
    </p>

    <p class='ocr_par' dir='ltr' id='par_1_9' title="bbox 204 2594 1357 3094">
     <span class='ocr_line' id='line_1_21' title="bbox 971 2594 1294 2660; baseline 0.009 -10"><span class='ocrx_word' id='word_1_139' title='bbox 971 2594 1294 2660; x_wconf 76' lang='grc' dir='ltr'>ΑΘΗΝΑΙΝΙΚΗΦΟΡΩΙ.</span> 
     </span>
     <span class='ocr_line' id='line_1_22' title="bbox 205 2676 1355 2754; baseline -0.001 -16"><span class='ocrx_word' id='word_1_140' title='bbox 205 2681 254 2738; x_wconf 81' lang='lat' dir='ltr'>cfr.</span> <span class='ocrx_word' id='word_1_141' title='bbox 274 2681 305 2736; x_wconf 84' lang='lat' dir='ltr'>L.</span> <span class='ocrx_word' id='word_1_142' title='bbox 325 2697 390 2736; x_wconf 87' lang='lat' dir='ltr'>von</span> <span class='ocrx_word' id='word_1_143' title='bbox 408 2682 565 2738; x_wconf 88' lang='lat' dir='ltr'>Urlichs:</span> <span class='ocrx_word' id='word_1_144' title='bbox 603 2681 825 2750; x_wconf 85' lang='lat' dir='ltr'>Pergameniscbe</span> <span class='ocrx_word' id='word_1_145' title='bbox 845 2676 1017 2738; x_wconf 84' lang='lat' dir='ltr'>Inscbrilten&#39;</span> <span class='ocrx_word' id='word_1_146' title='bbox 1035 2684 1063 2738; x_wconf 89' lang='lat' dir='ltr'>in</span> <span class='ocrx_word' id='word_1_147' title='bbox 1087 2699 1175 2753; x_wconf 80' lang='lat' dir='ltr'>progr.</span> <span class='ocrx_word' id='word_1_148' title='bbox 1194 2685 1267 2738; x_wconf 85' lang='lat' dir='ltr'>XVI.</span> <span class='ocrx_word' id='word_1_149' title='bbox 1286 2683 1355 2754; x_wconf 81' lang='lat' dir='ltr'>lycei</span> 
     </span>
     <span class='ocr_line' id='line_1_23' title="bbox 204 2766 1356 2839; baseline 0.002 -19"><span class='ocrx_word' id='word_1_150' title='bbox 204 2767 237 2822; x_wconf 89' lang='lat' dir='ltr'>de</span> <span class='ocrx_word' id='word_1_151' title='bbox 261 2766 448 2836; x_wconf 81' lang='lat' dir='ltr'>Wagnericni.</span> <span class='ocrx_word' id='word_1_152' title='bbox 485 2767 647 2834; x_wconf 80' lang='lat' dir='ltr'>Wllrzburg.</span> <span class='ocrx_word' id='word_1_153' title='bbox 678 2771 750 2820; x_wconf 80' lang='lat'>1883.</span> <span class='ocrx_word' id='word_1_154' title='bbox 787 2767 839 2820; x_wconf 86' lang='lat' dir='ltr'>Sed</span> <span class='ocrx_word' id='word_1_155' title='bbox 864 2783 934 2838; x_wconf 86' lang='lat' dir='ltr'>quae</span> <span class='ocrx_word' id='word_1_156' title='bbox 956 2768 1000 2822; x_wconf 91' lang='lat' dir='ltr'>ille</span> <span class='ocrx_word' id='word_1_157' title='bbox 1028 2769 1141 2837; x_wconf 90' lang='lat' dir='ltr'>protulit</span> <span class='ocrx_word' id='word_1_158' title='bbox 1168 2769 1356 2839; x_wconf 85' lang='lat' dir='ltr'>supplementa</span> 
     </span>
     <span class='ocr_line' id='line_1_24' title="bbox 205 2852 1355 2922; baseline -0.001 -15"><span class='ocrx_word' id='word_1_159' title='bbox 205 2854 377 2922; x_wconf 84' lang='lat' dir='ltr'>comprobari</span> <span class='ocrx_word' id='word_1_160' title='bbox 401 2857 551 2921; x_wconf 87' lang='lat' dir='ltr'>nequeunt:</span> <span class='ocrx_word' id='word_1_161' title='bbox 570 2867 632 2905; x_wconf 86' lang='lat' dir='ltr'>nam</span> <span class='ocrx_word' id='word_1_162' title='bbox 655 2853 735 2906; x_wconf 87' lang='lat' dir='ltr'>unius</span> <span class='ocrx_word' id='word_1_163' title='bbox 762 2857 867 2906; x_wconf 88' lang='lat' dir='ltr'>tantum</span> <span class='ocrx_word' id='word_1_164' title='bbox 890 2852 1034 2920; x_wconf 87' lang='lat' dir='ltr'>fragmenti</span> <span class='ocrx_word' id='word_1_165' title='bbox 1056 2855 1140 2922; x_wconf 84' lang='lat' dir='ltr'>(apud</span> <span class='ocrx_word' id='word_1_166' title='bbox 1164 2855 1355 2908; x_wconf 85' lang='lat' dir='ltr'>Fraenkelium</span> 
     </span>
     <span class='ocr_line' id='line_1_25' title="bbox 205 2936 1357 3009; baseline -0.001 -16"><span class='ocrx_word' id='word_1_167' title='bbox 205 2955 250 2994; x_wconf 88' lang='lat' dir='ltr'>no.</span> <span class='ocrx_word' id='word_1_168' title='bbox 266 2939 340 3005; x_wconf 70' lang='lat'><em>6013)</em></span> <span class='ocrx_word' id='word_1_169' title='bbox 359 2939 481 2993; x_wconf 88' lang='lat' dir='ltr'>notitiam</span> <span class='ocrx_word' id='word_1_170' title='bbox 499 2939 595 2992; x_wconf 86' lang='lat' dir='ltr'>habuit</span> <span class='ocrx_word' id='word_1_171' title='bbox 613 2944 694 3006; x_wconf 84' lang='lat' dir='ltr'>atque</span> <span class='ocrx_word' id='word_1_172' title='bbox 712 2953 745 2990; x_wconf 84' lang='lat' dir='ltr'>ex</span> <span class='ocrx_word' id='word_1_173' title='bbox 757 2936 863 2991; x_wconf 86' lang='lat' dir='ltr'>duobus</span> <span class='ocrx_word' id='word_1_174' title='bbox 876 2937 936 3009; x_wconf 82' lang='lat' dir='ltr'>aliis</span> <span class='ocrx_word' id='word_1_175' title='bbox 955 2939 1127 3006; x_wconf 80' lang='lat' dir='ltr'>cognovimus</span> <span class='ocrx_word' id='word_1_176' title='bbox 1144 2940 1219 2993; x_wconf 88' lang='lat' dir='ltr'>illum</span> <span class='ocrx_word' id='word_1_177' title='bbox 1231 2954 1357 3008; x_wconf 85' lang='lat' dir='ltr'>perverse</span> 
     </span>
     <span class='ocr_line' id='line_1_26' title="bbox 205 3024 492 3094; baseline 0 -16"><span class='ocrx_word' id='word_1_178' title='bbox 205 3025 317 3080; x_wconf 86' lang='lat' dir='ltr'>lacunas</span> <span class='ocrx_word' id='word_1_179' title='bbox 335 3024 492 3094; x_wconf 81' lang='lat' dir='ltr'>explevisse.</span> 
     </span>
    </p>

    <p class='ocr_par' dir='ltr' id='par_1_10' title="bbox 206 3107 1385 3434">
     <span class='ocr_line' id='line_1_27' title="bbox 293 3107 1385 3178; baseline -0.004 -10"><span class='ocrx_word' id='word_1_180' title='bbox 293 3116 318 3177; x_wconf 82' lang='lat'>2)</span> <span class='ocrx_word' id='word_1_181' title='bbox 336 3110 486 3168; x_wconf 78' lang='lat' dir='ltr'>Occasione</span> <span class='ocrx_word' id='word_1_182' title='bbox 512 3109 565 3166; x_wconf 85' lang='lat' dir='ltr'>bac</span> <span class='ocrx_word' id='word_1_183' title='bbox 591 3107 655 3164; x_wconf 86' lang='lat' dir='ltr'>data</span> <span class='ocrx_word' id='word_1_184' title='bbox 682 3107 773 3166; x_wconf 84' lang='lat' dir='ltr'>facere</span> <span class='ocrx_word' id='word_1_185' title='bbox 799 3123 853 3162; x_wconf 90' lang='lat' dir='ltr'>non</span> <span class='ocrx_word' id='word_1_186' title='bbox 880 3123 1005 3176; x_wconf 88' lang='lat' dir='ltr'>possum,</span> <span class='ocrx_word' id='word_1_187' title='bbox 1033 3108 1097 3177; x_wconf 88' lang='lat' dir='ltr'>quin</span> <span class='ocrx_word' id='word_1_188' title='bbox 1123 3109 1254 3165; x_wconf 79' lang='lat' dir='ltr'>maximae</span> <span class='ocrx_word' id='word_1_189' title='bbox 1278 3125 1357 3178; x_wconf 86' lang='lat' dir='ltr'>agam</span> <span class='ocrx_word' id='word_1_190' title='bbox 1382 3136 1385 3145; x_wconf 90' lang='lat'><em>·</em></span> 
     </span>
     <span class='ocr_line' id='line_1_28' title="bbox 206 3193 1357 3266; baseline 0 -16"><span class='ocrx_word' id='word_1_191' title='bbox 206 3196 306 3266; x_wconf 87' lang='lat' dir='ltr'>gratias</span> <span class='ocrx_word' id='word_1_192' title='bbox 329 3199 356 3251; x_wconf 87' lang='lat' dir='ltr'>et</span> <span class='ocrx_word' id='word_1_193' title='bbox 381 3194 474 3249; x_wconf 80' lang='lat' dir='ltr'>Curtio</span> <span class='ocrx_word' id='word_1_194' title='bbox 496 3193 716 3261; x_wconf 87' lang='lat' dir='ltr'>Wacbsmutbio,</span> <span class='ocrx_word' id='word_1_195' title='bbox 740 3195 785 3262; x_wconf 90' lang='lat' dir='ltr'>qui</span> <span class='ocrx_word' id='word_1_196' title='bbox 807 3195 893 3249; x_wconf 89' lang='lat' dir='ltr'>musei</span> <span class='ocrx_word' id='word_1_197' title='bbox 919 3193 1101 3248; x_wconf 83' lang='lat' dir='ltr'>Berolinensis</span> <span class='ocrx_word' id='word_1_198' title='bbox 1125 3194 1296 3262; x_wconf 83' lang='lat' dir='ltr'>praesidibus</span> <span class='ocrx_word' id='word_1_199' title='bbox 1314 3211 1357 3250; x_wconf 87' lang='lat' dir='ltr'>me</span> 
     </span>
     <span class='ocr_line' id='line_1_29' title="bbox 207 3279 1356 3350; baseline -0.002 -14"><span class='ocrx_word' id='word_1_200' title='bbox 207 3282 383 3336; x_wconf 84' lang='lat' dir='ltr'>libentissime</span> <span class='ocrx_word' id='word_1_201' title='bbox 400 3279 603 3344; x_wconf 82' lang='lat' dir='ltr'>commendavit,</span> <span class='ocrx_word' id='word_1_202' title='bbox 622 3283 651 3334; x_wconf 89' lang='lat' dir='ltr'>et</span> <span class='ocrx_word' id='word_1_203' title='bbox 668 3280 855 3348; x_wconf 86' lang='lat' dir='ltr'>Pucbsteinio‚</span> <span class='ocrx_word' id='word_1_204' title='bbox 874 3279 919 3347; x_wconf 89' lang='lat' dir='ltr'>qni</span> <span class='ocrx_word' id='word_1_205' title='bbox 937 3279 1127 3347; x_wconf 84' lang='lat' dir='ltr'>benignissime</span> <span class='ocrx_word' id='word_1_206' title='bbox 1144 3280 1209 3333; x_wconf 90' lang='lat' dir='ltr'>mibi</span> <span class='ocrx_word' id='word_1_207' title='bbox 1227 3281 1356 3350; x_wconf 87' lang='lat' dir='ltr'>permisit,</span> 
     </span>
     <span class='ocr_line' id='line_1_30' title="bbox 208 3365 1207 3434; baseline -0.004 -12"><span class='ocrx_word' id='word_1_208' title='bbox 208 3373 239 3422; x_wconf 90' lang='lat' dir='ltr'>nt</span> <span class='ocrx_word' id='word_1_209' title='bbox 256 3367 317 3422; x_wconf 88' lang='lat' dir='ltr'>illos</span> <span class='ocrx_word' id='word_1_210' title='bbox 334 3368 427 3422; x_wconf 90' lang='lat' dir='ltr'>titulos</span> <span class='ocrx_word' id='word_1_211' title='bbox 445 3365 564 3420; x_wconf 88' lang='lat' dir='ltr'>nondum</span> <span class='ocrx_word' id='word_1_212' title='bbox 581 3367 610 3420; x_wconf 94' lang='lat' dir='ltr'>in</span> <span class='ocrx_word' id='word_1_213' title='bbox 630 3367 803 3434; x_wconf 85' lang='lat' dir='ltr'>conspectum</span> <span class='ocrx_word' id='word_1_214' title='bbox 822 3365 892 3432; x_wconf 87' lang='lat' dir='ltr'>vulgi</span> <span class='ocrx_word' id='word_1_215' title='bbox 911 3365 989 3418; x_wconf 87' lang='lat' dir='ltr'>datos</span> <span class='ocrx_word' id='word_1_216' title='bbox 1008 3379 1207 3432; x_wconf 85' lang='lat' dir='ltr'>cognoscerem.</span> 
     </span>
    </p>

    <p class='ocr_par' dir='ltr' id='par_1_11' title="bbox 209 3447 1357 3609">
     <span class='ocr_line' id='line_1_31' title="bbox 292 3447 1357 3528; baseline 0.005 -21"><span class='ocrx_word' id='word_1_217' title='bbox 292 3457 318 3518; x_wconf 82' lang='grc'>3)</span> <span class='ocrx_word' id='word_1_218' title='bbox 337 3453 387 3507; x_wconf 80' lang='lat' dir='ltr'>cir.</span> <span class='ocrx_word' id='word_1_219' title='bbox 405 3453 501 3520; x_wconf 89' lang='lat' dir='ltr'>Polyb.</span> <span class='ocrx_word' id='word_1_220' title='bbox 520 3451 621 3507; x_wconf 82' lang='lat' dir='ltr'>XVIII.</span> <span class='ocrx_word' id='word_1_221' title='bbox 639 3457 664 3506; x_wconf 82' lang='lat'>4.</span> <span class='ocrx_word' id='word_1_222' title='bbox 684 3456 709 3506; x_wconf 83' lang='lat'>8.</span> <span class='ocrx_word' id='word_1_223' title='bbox 731 3447 779 3507; x_wconf 71' lang='lat' dir='ltr'>iva</span> <span class='ocrx_word' id='word_1_224' title='bbox 803 3448 856 3506; x_wconf 85' lang='grc' dir='ltr'>τὸν</span> <span class='ocrx_word' id='word_1_225' title='bbox 879 3447 972 3519; x_wconf 81' lang='grc' dir='ltr'><strong><em>νόμον</em></strong></span> <span class='ocrx_word' id='word_1_226' title='bbox 996 3447 1083 3522; x_wconf 75' lang='grc' dir='ltr'><em>ἄρητε</em></span> <span class='ocrx_word' id='word_1_227' title='bbox 1102 3448 1155 3506; x_wconf 85' lang='grc' dir='ltr'>τὸν</span> <span class='ocrx_word' id='word_1_228' title='bbox 1173 3449 1286 3510; x_wconf 80' lang='grc' dir='ltr'>διδόντα</span> <span class='ocrx_word' id='word_1_229' title='bbox 1306 3451 1357 3528; x_wconf 78' lang='grc' dir='ltr'>τὴν</span> 
     </span>
     <span class='ocr_line' id='line_1_32' title="bbox 209 3528 1203 3609; baseline -0.004 -13"><span class='ocrx_word' id='word_1_230' title='bbox 209 3537 341 3606; x_wconf 74' lang='grc' dir='ltr'><strong><em>ἐξουσίαν</em></strong></span> <span class='ocrx_word' id='word_1_231' title='bbox 357 3533 423 3608; x_wconf 67' lang='grc' dir='ltr'><strong><em>ὑμῖν</em></strong></span> <span class='ocrx_word' id='word_1_232' title='bbox 441 3533 523 3606; x_wconf 70' lang='lat' dir='ltr'>dress</span> <span class='ocrx_word' id='word_1_233' title='bbox 540 3528 670 3609; x_wconf 80' lang='grc' dir='ltr'><strong><em>λα’φνρον</em></strong></span> <span class='ocrx_word' id='word_1_234' title='bbox 687 3530 747 3593; x_wconf 72' lang='grc' dir='ltr'>ἀπὸ</span> <span class='ocrx_word' id='word_1_235' title='bbox 766 3535 971 3607; x_wconf 68' lang='lat' dir='ltr'>leodecensi.</span> <span class='ocrx_word' id='word_1_236' title='bbox 989 3542 1017 3590; x_wconf 87' lang='lat' dir='ltr'>ct</span> <span class='ocrx_word' id='word_1_237' title='bbox 1035 3553 1058 3590; x_wconf 92' lang='lat' dir='ltr'>c.</span> <span class='ocrx_word' id='word_1_238' title='bbox 1078 3543 1101 3590; x_wconf 83' lang='lat'>5.</span> <span class='ocrx_word' id='word_1_239' title='bbox 1123 3541 1203 3605; x_wconf 88' lang='lat' dir='ltr'>lsqq.</span> 
     </span>
    </p>

    <p class='ocr_par' dir='ltr' id='par_1_12' title="bbox 206 3617 1356 3866">
     <span class='ocr_line' id='line_1_33' title="bbox 295 3617 1356 3690; baseline 0.001 -10"><span class='ocrx_word' id='word_1_240' title='bbox 295 3626 321 3686; x_wconf 77' lang='lat' dir='ltr'>d)</span> <span class='ocrx_word' id='word_1_241' title='bbox 339 3622 389 3680; x_wconf 76' lang='lat' dir='ltr'>cir,</span> <span class='ocrx_word' id='word_1_242' title='bbox 409 3623 513 3680; x_wconf 73' lang='lat' dir='ltr'>Marcel</span> <span class='ocrx_word' id='word_1_243' title='bbox 531 3622 649 3678; x_wconf 90' lang='lat' dir='ltr'>Dubois:</span> <span class='ocrx_word' id='word_1_244' title='bbox 669 3622 722 3677; x_wconf 84' lang='lat' dir='ltr'>Lea</span> <span class='ocrx_word' id='word_1_245' title='bbox 740 3622 824 3690; x_wconf 84' lang='lat' dir='ltr'>lignes</span> <span class='ocrx_word' id='word_1_246' title='bbox 843 3622 988 3679; x_wconf 81' lang='lat' dir='ltr'>Etolienns</span> <span class='ocrx_word' id='word_1_247' title='bbox 1005 3625 1033 3676; x_wconf 89' lang='lat' dir='ltr'>et</span> <span class='ocrx_word' id='word_1_248' title='bbox 1052 3617 1197 3678; x_wconf 77' lang='lat' dir='ltr'>Acbeeune</span> <span class='ocrx_word' id='word_1_249' title='bbox 1217 3623 1356 3682; x_wconf 70' lang='lat' dir='ltr'>Perisse</span> 
     </span>
     <span class='ocr_line' id='line_1_34' title="bbox 207 3706 1356 3777; baseline 0.003 -13"><span class='ocrx_word' id='word_1_250' title='bbox 207 3708 405 3777; x_wconf 78' lang='lat' dir='ltr'>(Bibliotbdque</span> <span class='ocrx_word' id='word_1_251' title='bbox 435 3709 482 3764; x_wconf 89' lang='lat' dir='ltr'>des</span> <span class='ocrx_word' id='word_1_252' title='bbox 506 3708 595 3764; x_wconf 77' lang='lat' dir='ltr'>eccles</span> <span class='ocrx_word' id='word_1_253' title='bbox 624 3707 774 3776; x_wconf 82' lang='lat' dir='ltr'>franqaises</span> <span class='ocrx_word' id='word_1_254' title='bbox 800 3707 949 3764; x_wconf 78' lang='lat' dir='ltr'>d&#39;lttbbnes</span> <span class='ocrx_word' id='word_1_255' title='bbox 981 3711 1009 3762; x_wconf 87' lang='lat' dir='ltr'>et</span> <span class='ocrx_word' id='word_1_256' title='bbox 1037 3707 1071 3764; x_wconf 88' lang='lat' dir='ltr'>dc</span> <span class='ocrx_word' id='word_1_257' title='bbox 1100 3706 1186 3762; x_wconf 88' lang='lat' dir='ltr'>Rome</span> <span class='ocrx_word' id='word_1_258' title='bbox 1215 3710 1267 3764; x_wconf 88' lang='lat' dir='ltr'>vol.</span> <span class='ocrx_word' id='word_1_259' title='bbox 1297 3711 1356 3768; x_wconf 83' lang='lat' dir='ltr'>XL.</span> 
     </span>
     <span class='ocr_line' id='line_1_35' title="bbox 206 3799 364 3866; baseline -0.032 0"><span class='ocrx_word' id='word_1_260' title='bbox 206 3813 234 3866; x_wconf 84' lang='lat' dir='ltr'>n·</span> <span class='ocrx_word' id='word_1_261' title='bbox 253 3799 364 3864; x_wconf 63' lang='lat' dir='ltr'>issar-l</span> 
     </span>
    </p>

    <p class='ocr_par' dir='ltr' id='par_1_13' title="bbox 146 3875 1357 4210">
     <span class='ocr_line' id='line_1_36' title="bbox 294 3875 1357 3946; baseline 0 -10"><span class='ocrx_word' id='word_1_262' title='bbox 294 3887 319 3946; x_wconf 86' lang='lat'>5)</span> <span class='ocrx_word' id='word_1_263' title='bbox 339 3883 368 3934; x_wconf 88' lang='lat' dir='ltr'>B.</span> <span class='ocrx_word' id='word_1_264' title='bbox 379 3880 561 3936; x_wconf 85' lang='lat' dir='ltr'>Kaestner:</span> <span class='ocrx_word' id='word_1_265' title='bbox 578 3875 806 3934; x_wconf 75' lang='lat' dir='ltr'>‘Charakteristik</span> <span class='ocrx_word' id='word_1_266' title='bbox 824 3879 872 3932; x_wconf 91' lang='lat' dir='ltr'>der</span> <span class='ocrx_word' id='word_1_267' title='bbox 884 3878 1036 3932; x_wconf 85' lang='lat' dir='ltr'>rdmischen</span> <span class='ocrx_word' id='word_1_268' title='bbox 1049 3877 1150 3930; x_wconf 88' lang='lat' dir='ltr'>Politik</span> <span class='ocrx_word' id='word_1_269' title='bbox 1167 3880 1194 3930; x_wconf 92' lang='lat' dir='ltr'>in</span> <span class='ocrx_word' id='word_1_270' title='bbox 1214 3879 1273 3932; x_wconf 89' lang='lat' dir='ltr'>dem</span> <span class='ocrx_word' id='word_1_271' title='bbox 1285 3881 1357 3936; x_wconf 87' lang='lat' dir='ltr'>Zeit-</span> 
     </span>
     <span class='ocr_line' id='line_1_37' title="bbox 210 3956 1357 4036; baseline 0.001 -16"><span class='ocrx_word' id='word_1_272' title='bbox 210 3983 286 4023; x_wconf 90' lang='lat' dir='ltr'>raum</span> <span class='ocrx_word' id='word_1_273' title='bbox 304 3983 355 4020; x_wconf 86' lang='lat' dir='ltr'>von</span> <span class='ocrx_word' id='word_1_274' title='bbox 375 3970 423 4019; x_wconf 82' lang='lat'>200</span> <span class='ocrx_word' id='word_1_275' title='bbox 436 3982 460 4019; x_wconf 82' lang='lat' dir='ltr'>r.</span> <span class='ocrx_word' id='word_1_276' title='bbox 473 3965 537 4020; x_wconf 85' lang='lat' dir='ltr'>Cbr.</span> <span class='ocrx_word' id='word_1_277' title='bbox 550 3966 592 4020; x_wconf 93' lang='lat' dir='ltr'>bis</span> <span class='ocrx_word' id='word_1_278' title='bbox 610 3983 643 4019; x_wconf 86' lang='lat' dir='ltr'>au</span> <span class='ocrx_word' id='word_1_279' title='bbox 657 3965 806 4034; x_wconf 80' lang='lat' dir='ltr'>Cartbagos</span> <span class='ocrx_word' id='word_1_280' title='bbox 825 3963 880 4018; x_wconf 86' lang='lat' dir='ltr'>und</span> <span class='ocrx_word' id='word_1_281' title='bbox 894 3956 1202 4030; x_wconf 82' lang='lat' dir='ltr'>Corintszerstdrung&#39;</span> <span class='ocrx_word' id='word_1_282' title='bbox 1220 3964 1248 4016; x_wconf 94' lang='lat' dir='ltr'>in</span> <span class='ocrx_word' id='word_1_283' title='bbox 1266 3983 1357 4036; x_wconf 82' lang='lat' dir='ltr'>progr.</span> 
     </span>
     <span class='ocr_line' id='line_1_38' title="bbox 146 4050 1357 4126; baseline 0.002 -20"><span class='ocrx_word' id='word_1_284' title='bbox 146 4121 148 4126; x_wconf 23' lang='grc' dir='ltr'>Ι</span> <span class='ocrx_word' id='word_1_285' title='bbox 209 4067 299 4122; x_wconf 82' lang='lat' dir='ltr'>gymn.</span> <span class='ocrx_word' id='word_1_286' title='bbox 318 4051 416 4105; x_wconf 83' lang='lat' dir='ltr'>Gasim.</span> <span class='ocrx_word' id='word_1_287' title='bbox 435 4051 553 4118; x_wconf 79' lang='lat' dir='ltr'>coburg.</span> <span class='ocrx_word' id='word_1_288' title='bbox 574 4056 639 4105; x_wconf 72' lang='lat'>1876</span> <span class='ocrx_word' id='word_1_289' title='bbox 658 4067 685 4118; x_wconf 90' lang='lat' dir='ltr'>p.</span> <span class='ocrx_word' id='word_1_290' title='bbox 701 4057 731 4104; x_wconf 75' lang='lat'>17</span> <span class='ocrx_word' id='word_1_291' title='bbox 745 4068 802 4123; x_wconf 85' lang='lat' dir='ltr'>sqq.</span> <span class='ocrx_word' id='word_1_292' title='bbox 839 4051 929 4106; x_wconf 84' lang='lat' dir='ltr'>Nebin</span> <span class='ocrx_word' id='word_1_293' title='bbox 947 4050 1015 4104; x_wconf 85' lang='lat' dir='ltr'>miro</span> <span class='ocrx_word' id='word_1_294' title='bbox 1034 4064 1125 4106; x_wconf 85' lang='lat' dir='ltr'>errore</span> <span class='ocrx_word' id='word_1_295' title='bbox 1143 4064 1249 4121; x_wconf 86' lang='lat' dir='ltr'>semper</span> <span class='ocrx_word' id='word_1_296' title='bbox 1266 4053 1357 4108; x_wconf 85' lang='lat' dir='ltr'>nescio</span> 
     </span>
     <span class='ocr_line' id='line_1_39' title="bbox 208 4136 572 4210; baseline 0.008 -20"><span class='ocrx_word' id='word_1_297' title='bbox 208 4154 261 4208; x_wconf 89' lang='lat' dir='ltr'>quo</span> <span class='ocrx_word' id='word_1_298' title='bbox 279 4153 345 4194; x_wconf 82' lang='lat' dir='ltr'>casn</span> <span class='ocrx_word' id='word_1_299' title='bbox 363 4137 469 4194; x_wconf 81' lang='lat' dir='ltr'>vocavit</span> <span class='ocrx_word' id='word_1_300' title='bbox 486 4136 572 4210; x_wconf 84' lang='lat' dir='ltr'>Agim.</span> 
     </span>
    </p>
   </div>
   <div class='ocr_carea' id='block_1_8' title="bbox 0 0 1676 5000">
    <p class='ocr_par' dir='ltr' id='par_1_14' title="bbox 0 0 1676 5000">
     <span class='ocr_line' id='line_1_40' title="bbox 0 0 1676 5000; baseline 0 0"><span class='ocrx_word' id='word_1_301' title='bbox 0 0 1676 5000; x_wconf 95' lang='lat' dir='ltr'> </span> 
     </span>
    </p>
   </div>
  </div>
 </body>
</html>
