3308 5000
633 395 844 459 -gg.-

166 561 377 630 tradiderunt
422 560 579 646 Micythio
601 568 709 630 autem
732 569 764 628 et
785 561 984 628 Xenoclides
1006 583 1078 630 cum
1101 563 1158 646 iis,
1182 566 1237 650 qui
1259 568 1321 635 Ro·

164 683 284 732 manae
304 671 397 731 orant
418 664 530 746 partis,
554 663 614 732 suh
629 662 782 730 Antiochi
804 662 980 730 adveutum
1002 664 1082 731 urbe
1105 677 1320 736 excesserunt.

166 767 320 834 Eumenis
343 785 422 833 roro
444 772 477 833 et
498 765 703 833 Achaeorum
727 765 845 832 milites
868 765 1031 848 Salganea
1039 769 1059 844 ¹)
1081 767 1244 851 tenebant,
1272 772 1320 836 ni·

165 869 282 935 mirum
304 873 340 934 nt
361 867 565 952 impedirent,
588 869 758 951 quominus
780 867 959 934 Antiochus
985 867 1175 936 Chalcidem
1197 890 1320 955 oppug-

164 978 267 1054 naret,
290 978 323 1036 et
344 970 498 1054 perpauci
525 969 645 1036 milites
667 970 804 1036 Romani
830 969 862 1034 iu
887 970 1006 1054 Euripo
1017 973 1040 1045 ²)
1063 973 1322 1040 communiebant

165 1073 334 1140 cmtellnm
357 1071 523 1140 custodiae
546 1091 645 1138 causa
673 1071 753 1153 loci,
783 1077 817 1136 nt
844 1073 891 1138 ait
912 1071 1026 1140 Livius
1054 1091 1082 1139 c.
1106 1077 1157 1140 51.
1181 1077 1209 1139 7.
1254 1074 1321 1142 Sed

165 1173 312 1258 Menippi
340 1174 443 1240 tribus
473 1174 574 1240 ferme
603 1172 733 1239 milibus
762 1173 900 1238 militum
922 1173 1113 1258 Pergameni
1142 1181 1175 1242 et
1196 1175 1321 1243 Achaei

165 1278 296 1360 longum
326 1294 386 1360 per
413 1282 540 1357 tempus
568 1275 717 1342 resistere
744 1274 843 1358 plane
870 1293 935 1342 non
961 1281 1147 1360 potueruut,
1180 1277 1320 1345 adverso

165 1384 273 1446 autem
295 1377 398 1444 Marte
419 1378 617 1462 pugnavisse
645 1375 899 1459 concidentur,
929 1396 1000 1444 cum
1031 1396 1072 1443 ex
1099 1389 1257 1446 convento
1279 1381 1320 1447 iis

164 1483 234 1548 sino
256 1479 370 1547 haudo
391 1480 504 1546 liceret
525 1479 626 1545 abire.
663 1479 777 1561 Neque
793 1478 930 1545 Romani
953 1480 1107 1563 impetum
1122 1499 1182 1548 sex
1196 1482 1319 1548 milium

164 1584 319 1668 Syrorum
341 1582 572 1648 sustinuerunt:
599 1601 674 1646 uam
704 1601 760 1647 eos
783 1581 938 1664 Euripum
967 1583 1164 1666 pertinacius
1191 1587 1319 1666 tutatos,

165 1705 237 1754 cum
259 1692 345 1752 terra
366 1684 513 1765 marique
528 1681 753 1750 obsiderentur
775 1689 808 1748 et
829 1683 894 1748 iam
910 1682 1076 1750 machinas
1098 1691 1320 1768 tormentaque

165 1787 331 1872 adportari
354 1785 512 1866 viderent,
536 1783 737 1851 obsidionem
758 1803 823 1850 non
845 1785 958 1852 tulisse
979 1785 1092 1853 Livius
1115 1806 1140 1854 c.
1166 1790 1216 1852 51.
1240 1789 1319 1870 8sq.

165 1891 337 1957 enarravit.
381 1887 448 1953 Sed
477 1886 556 1969 quid
585 1906 627 1953 ex
657 1888 698 1953 iis
728 1887 847 1951 lactum
877 1887 933 1966 sit,
967 1889 1141 1955 memoriae
1175 1908 1238 1954 non
1270 1897 1321 1955 est

164 1992 329 2077 proditum
340 1993 373 2069 ³).
419 1989 474 2055 Sic
495 1987 625 2072 accidit,
648 1995 684 2052 ut
703 1984 883 2054 Antiochus
900 1987 1055 2055 Chalcide
1074 1990 1194 2072 potitus
1217 1997 1266 2057 est
1288 1998 1321 2058 et

165 2095 261 2163 simul
282 2099 350 2160 toto
371 2092 521 2171 Euboea,
553 2107 594 2156 ex
618 2109 683 2172 qua
704 2090 810 2156 insula
832 2095 946 2173 postea
967 2090 1122 2156 Romanis
1145 2109 1319 2175 eorumque

161 2199 262 2265 sociis
284 2197 404 2263 beilum
427 2194 543 2260 intulit.
1239 2246 1243 2252 .

250 2299 357 2382 Atque
372 2297 406 2363 id
422 2294 553 2380 quidem
576 2295 663 2360 omni
680 2299 768 2360 caret
789 2292 1015 2377 probabilitate
1032 2294 1207 2361 Eumenem
1223 2297 1319 2361 iuter-

164 2402 263 2468 luisse
287 2402 327 2467 iis
349 2400 454 2483 rebus,
478 2416 562 2481 quae
584 2399 714 2462 ineunte
738 2394 844 2462 hieme
867 2401 978 2478 gestae
1000 2402 1089 2477 sunt3
1120 2399 1218 2463 immo
1239 2397 1319 2463 mihi

164 2502 295 2588 quidem
327 2502 459 2567 dubium
489 2519 553 2567 non
583 2507 647 2580 est,
681 2499 758 2580 quin
787 2497 884 2564 etiam
914 2503 980 2563 tum
1004 2496 1140 2566 Athenis
1169 2499 1258 2584 apud
1279 2501 1318 2568 Τ.

164 2606 348 2685 Quinctium
372 2609 513 2669 moratus
535 2602 568 2666 in
590 2601 695 2668 insula
716 2601 844 2682 Aegina
865 2599 1066 2666 hiemarerit.
1102 2659 1106 2664 .

250 2705 330 2772 (lum
353 2713 460 2772 sutem
482 2704 586 2770 biems
609 2703 843 2785 praeteriisset,
864 2700 917 2766 M’.
940 2702 1073 2768 Acilius,
1087 2703 1220 2769 Glabrio
1244 2723 1317 2770 con·

165 2811 214 2877 sul
238 2811 272 2874 in
287 2807 456 2874 Graeciam
478 2813 696 2886 transgressus
711 2802 753 2868 ad
769 2802 1007 2886 Thermopylas
1022 2803 1317 2884 splendidissimam

164 2912 334 2978 victoriam
348 2908 391 2974 ab
407 2906 566 2972 Antiocho
582 2905 769 2988 reportavit,
793 2924 858 2987 quo
873 2903 1050 2969 Antiochus
1066 2913 1242 2972 commotus
1258 2913 1317 2988 est,

162 3021 198 3079 ut
220 3012 346 3094 magnis
368 3008 537 3075 itineribus
558 3008 602 3072 ad
617 3026 710 3073 suum
731 3025 866 3088 regnum
883 3005 1050 3071 tutandum
1066 3006 1177 3072 Asiam
1193 3014 1318 3088 peteret

164 3121 196 3182 st
218 3133 301 3198 quos
330 3111 566 3178 eGraeoorum
598 3128 729 3174 numero
760 3108 865 3176 socios
894 3107 1052 3173 habuerat
1080 3107 1318 3190 derelinqueret

163 3223 196 3283 et
218 3217 435 3282 Romanorum
457 3212 599 3278 obiceret
621 3209 760 3276 libidini.
789 3269 791 3272 .

249 3315 483 3395 Quaerentibus
505 3320 612 3379 autem
641 3312 750 3392 nobis,
780 3319 884 3377 utrum
906 3311 1066 3380 Eumenes
1095 3332 1134 3378 eo
1163 3315 1317 3397 temporis

162 3469 364 3478 -n-——...——

251 3554 276 3615 1)
294 3549 343 3605 cfr.
363 3548 452 3604 Sirab.
470 3547 518 3601 IX.
538 3551 562 3602 2.
582 3551 605 3600 1.
625 3563 651 3616 p.
671 3549 730 3610 100,
750 3549 776 3600 st
794 3547 817 3599 2.
837 3548 862 3598 9.
881 3561 908 3612 p.
928 3548 986 3598 403.
1030 3571 1033 3580 =

205 3667 207 3678 ι
249 3639 277 3700 i)
297 3634 346 3690 cfr.
365 3635 455 3689 Strab.
468 3633 503 3688 X.
525 3637 546 3686 1.
566 3635 590 3687 8.
606 3625 637 3702 'p.
651 3637 700 3686 141
720 3636 747 3686 et
766 3629 958 3684 Weissenborn
976 3629 1011 3683 ad
1029 3629 1086 3684 Lis.
1105 3629 1216 3685 XXXV.
1231 3636 1272 3684 51.
1290 3638 1315 3687 1.

249 3725 275 3787 3)
291 3719 476 3777 Romanorum
494 3717 607 3772 militum
630 3717 754 3774 virtutem
778 3717 822 3770 bic
840 3714 944 3770 Liuium
966 3714 1137 3782 praedicasse
1159 3716 1222 3786 ulus
1243 3717 1316 3779 iusto

163 3821 241 3863 nemo
259 3804 376 3874 negabit.
412 3803 532 3871 Quorum
550 3817 678 3857 numerus
696 3807 755 3856 erat
772 3815 934 3870 perparvus:
954 3814 1016 3854 nam
1034 3798 1127 3854 Livius
1145 3815 1169 3854 c.
1180 3806 1223 3854 51.
1239 3806 1256 3854 t
1274 3803 1316 3856 hir

161 3892 229 3962 ipsis
247 3891 335 3945 uerbis
354 3889 451 3944 utitur:
466 3882 610 3957 ‘perpauci
627 3881 786 3956 effugerunt’
805 3877 1047 3954 etApp.Sy'r.12:
1068 3879 1136 3948 τοὺς
1150 3885 1204 3952 μὲν
1221 3875 1317 3942 alico

163 3972 269 4034 ἔκτεινε
287 3969 355 4039 τοὺς
372 3970 399 4030 δ’
417 3968 594 4045 ἐζώγρησεν;
617 3987 651 4028 ac
669 3977 760 4026 tamen
778 3970 843 4026 dicit
861 3986 884 4025 c.
904 3974 945 4024 51.
965 3972 994 4023 8:
1017 3968 1182 4038 pertinacius
1200 3967 1317 4024 Romani

162 4062 297 4131 Euripum
314 4059 461 4114 tuebantur
478 4075 502 4112 e.
515 4074 541 4127 q.
554 4073 576 4112 s.
612 4061 655 4112 An
668 4058 752 4112 maris
765 4055 873 4111 credere
891 4055 997 4110 illorum
1014 4067 1154 4108 numerum
1172 4053 1201 4108 in
1211 4054 1315 4123 Euripo

161 4147 290 4202 maiorem
308 4144 394 4202 tuisse
412 4150 440 4197 et
456 4144 549 4213 plnres
567 4159 648 4214 quarn
666 4143 759 4197 Liuius
777 4140 896 4211 prodidit
913 4139 1023 4194 caedem
1041 4137 1188 4205 effugisset

1078 4225 1110 4276 6*
